1594761165,9267.360000000000,0.276000000000
1594761165,9267.360000000000,0.539000000000
1594761165,9267.360000000000,0.539000000000
1594761165,9267.360000000000,0.539000000000
1594761165,9267.360000000000,0.539000000000
1594761165,9267.360000000000,0.539000000000
1594761165,9267.360000000000,0.529000000000
1594761165,9269.010000000000,0.010000000000
1594761164,9270.190000000000,0.010000000000
1594761164,9271.770000000000,0.010000000000
1594761163,9273.150000000000,0.000000020000
1594761163,9275.050000000000,0.020000000000
1594761163,9275.050000000000,0.614498990000
1594761161,9275.050000000000,0.045437000000
1594761160,9275.050000000000,0.032275790000
1594761160,9275.050000000000,0.183738560000
1594761160,9275.050000000000,0.075728320000
1594761159,9278.030000000000,0.007093930000
1594761159,9275.050000000000,0.040100120000
1594761159,9275.050000000000,0.020000000000
1594761150,9277.000000000000,0.376276600000
1594761150,9277.000000000000,0.082921240000
1594761150,9277.000000000000,0.161810550000
1594761149,9277.000000000000,0.854000000000
1594761149,9277.000000000000,0.080000000000
1594761149,9277.000000000000,0.047608370000
1594761149,9277.000000000000,0.020000000000
1594761149,9277.000000000000,0.021861630000
1594761149,9277.000000000000,0.080000000000
1594761149,9277.000000000000,0.021566590000
1594761149,9277.000000000000,0.140182880000
1594761147,9279.000000000000,0.095366440000
1594761147,9278.870000000000,0.040000000000
1594761147,9278.870000000000,0.004945980000
1594761145,9277.000000000000,0.036111880000
1594761145,9277.000000000000,0.072154160000
1594761143,9277.000000000000,0.022331000000
1594761140,9277.000000000000,0.053296450000
1594761140,9277.000000000000,0.270680070000
1594761140,9277.000000000000,0.107979440000
1594761129,9278.870000000000,0.005054020000
1594761124,9277.000000000000,0.323365410000
1594761124,9277.000000000000,0.072176920000
1594761124,9277.000000000000,0.089536270000
1594761124,9277.000000000000,0.098387920000
1594761124,9277.000000000000,0.107086100000
1594761124,9277.000000000000,0.166824120000
1594761122,9277.000000000000,0.070991990000
1594761122,9277.000000000000,0.104119080000
1594761119,9277.000000000000,2.918351490000
1594761119,9277.190000000000,0.020000000000
1594761118,9277.190000000000,0.007115770000
1594761117,9277.190000000000,0.036682300000
1594761115,9277.190000000000,0.058432010000
1594761115,9277.190000000000,0.020000000000
1594761085,9277.000000000000,0.115040350000
1594761085,9277.190000000000,0.020000000000
1594761082,9277.190000000000,0.006221920000
1594761080,9280.160000000000,0.232553010000
1594761080,9278.870000000000,0.010000000000
1594761069,9277.190000000000,0.005913050000
1594761067,9277.180000000000,0.034864000000
1594761067,9277.180000000000,0.024759990000
1594761062,9282.080000000000,0.001090120000
1594761062,9279.870000000000,0.006945930000
1594761062,9279.000000000000,0.003992490000
1594761040,9279.000000000000,0.006007510000
1594761036,9277.170000000000,0.003518520000
1594761006,9277.160000000000,0.009350000000
1594761006,9277.170000000000,0.020000000000
1594760998,9277.140000000000,0.011297410000
1594760958,9279.870000000000,0.003054070000
1594760958,9281.180000000000,0.067588140000
1594760958,9279.870000000000,0.010000000000
1594760952,9281.180000000000,0.224531000000
1594760952,9279.870000000000,0.010000000000
1594760949,9281.410000000000,0.211612410000
1594760949,9280.260000000000,0.130000000000
1594760949,9279.830000000000,0.132191000000
1594760949,9279.810000000000,0.005779590000
1594760945,9279.810000000000,0.004220410000
1594760936,9277.990000000000,0.020683310000
1594760934,9277.990000000000,0.013263330000
1594760934,9277.980000000000,0.342514000000
1594760934,9277.970000000000,0.010000000000
1594760923,9277.960000000000,0.056234340000
1594760920,9277.960000000000,0.055363320000
1594760918,9277.960000000000,1.358280000000
1594760918,9277.960000000000,0.203524810000
1594760918,9277.940000000000,0.010102430000
1594760907,9277.000000000000,4.575890020000
1594760904,9277.000000000000,0.003410370000
1594760900,9277.250000000000,0.051776200000
1594760900,9277.250000000000,0.039987000000
1594760900,9277.230000000000,0.010128000000
1594760898,9277.000000000000,0.109643000000
1594760895,9277.000000000000,0.005646850000
1594760889,9277.210000000000,0.002539000000
1594760889,9277.210000000000,0.014404000000
1594760889,9277.210000000000,0.613878000000
1594760889,9277.210000000000,0.092718000000
1594760866,9277.160000000000,0.109863210000
1594760866,9277.160000000000,0.026444000000
1594760845,9277.000000000000,0.005156460000
1594760816,9277.000000000000,0.787208260000
1594760815,9277.000000000000,0.162108080000
1594760815,9277.000000000000,0.107913570000
1594760806,9277.060000000000,0.003582030000
1594760801,9277.050000000000,0.550000000000
1594760801,9277.050000000000,1.000000000000
1594760801,9277.050000000000,0.519220000000
1594760780,9277.020000000000,0.025583910000
1594760774,9277.020000000000,0.090963540000
1594760774,9277.010000000000,0.007014370000
1594760757,9277.000000000000,0.006047900000
1594760745,9277.000000000000,0.130081360000
1594760740,9277.000000000000,0.107964180000
1594760721,9277.000000000000,0.006704460000
1594760701,9277.000000000000,0.546672200000
1594760696,9277.010000000000,0.002985630000
1594760694,9277.000000000000,0.337325880000
1594760693,9277.000000000000,0.458156460000
1594760692,9277.000000000000,2.274862730000
1594760691,9277.000000000000,1.753359380000
1594760690,9277.000000000000,0.845373490000
1594760689,9277.000000000000,0.421166300000
1594760688,9277.000000000000,0.351269690000
1594760687,9277.000000000000,1.748749660000
1594760687,9277.020000000000,0.046854940000
1594760687,9277.010000000000,0.010000000000
1594760686,9277.000000000000,0.191144000000
1594760686,9277.000000000000,0.083748580000
1594760685,9277.000000000000,0.010000000000
1594760685,9276.970000000000,0.010000000000
1594760685,9276.680000000000,1.290059800000
1594760685,9276.680000000000,0.958570200000
1594760685,9276.680000000000,0.022428000000
1594760685,9276.680000000000,0.015246000000
1594760685,9276.670000000000,0.010000000000
1594760677,9276.560000000000,0.452327740000
1594760677,9276.560000000000,0.020000000000
1594760649,9277.940000000000,0.123000000000
1594760649,9276.670000000000,0.010000000000
1594760649,9277.050000000000,0.010000000000
1594760649,9276.560000000000,0.014694000000
1594760649,9276.560000000000,0.010889000000
1594760649,9276.560000000000,0.574705000000
1594760649,9276.550000000000,0.006363000000
1594760649,9276.550000000000,0.011359000000
1594760649,9276.550000000000,1.663767000000
1594760643,9274.350000000000,4.713403890000
1594760643,9274.360000000000,0.736165920000
1594760643,9274.360000000000,0.020000000000
1594760643,9274.360000000000,0.579387750000
1594760634,9274.360000000000,0.005059880000
1594760620,9276.510000000000,0.070943650000
1594760592,9276.470000000000,0.010726060000
1594760591,9276.470000000000,0.177578990000
1594760557,9276.430000000000,0.004802390000
1594760553,9276.430000000000,0.035816260000
1594760537,9274.330000000000,0.005425390000
1594760534,9276.380000000000,0.009298760000
1594760520,9275.210000000000,0.048837080000
1594760520,9275.210000000000,0.005330770000
1594760520,9275.210000000000,0.020000000000
1594760514,9275.210000000000,0.005389220000
1594760507,9276.300000000000,0.119828030000
1594760504,9275.210000000000,0.020000000000
1594760504,9275.210000000000,0.015260880000
1594760500,9275.210000000000,0.123972830000
1594760500,9275.210000000000,0.161786910000
1594760500,9275.210000000000,0.161805460000
1594760500,9276.300000000000,0.155473690000
1594760500,9276.300000000000,0.081536000000
1594760500,9276.300000000000,0.006993000000
1594760500,9276.290000000000,0.010000000000
1594760500,9276.280000000000,0.323405500000
1594760497,9275.210000000000,0.024572610000
1594760497,9275.210000000000,0.020000000000
1594760492,9275.210000000000,0.161769100000
1594760492,9275.210000000000,0.112297660000
1594760492,9275.210000000000,0.041336950000
1594760492,9275.210000000000,0.008134500000
1594760490,9275.210000000000,0.011865500000
1594760486,9275.210000000000,0.161697770000
1594760478,9275.210000000000,0.021969850000
1594760477,9275.210000000000,0.107625590000
1594760475,9275.210000000000,0.020000000000
1594760469,9275.210000000000,0.020000000000
1594760463,9273.910000000000,0.005229740000
1594760460,9275.210000000000,0.020000000000
1594760460,9275.210000000000,0.066558870000
1594760458,9275.210000000000,0.020000000000
1594760458,9275.210000000000,0.084870240000
1594760457,9275.210000000000,0.024509990000
1594760457,9275.210000000000,0.020000000000
1594760457,9275.210000000000,0.082996200000
1594760456,9275.210000000000,0.039825720000
1594760456,9275.210000000000,0.085426270000
1594760450,9275.210000000000,0.064436880000
1594760449,9275.210000000000,0.144611360000
1594760449,9275.210000000000,0.021604930000
1594760447,9275.210000000000,0.020000000000
1594760447,9275.210000000000,0.059694000000
1594760447,9275.210000000000,0.116910350000
1594760444,9275.210000000000,0.044871720000
1594760443,9275.210000000000,0.107915640000
1594760442,9275.210000000000,0.120372970000
1594760440,9275.210000000000,0.015844400000
1594760440,9275.210000000000,0.026704060000
1594760439,9275.210000000000,0.024532120000
1594760438,9275.210000000000,0.046557650000
1594760437,9275.210000000000,0.031157030000
1594760437,9275.210000000000,0.016992680000
1594760436,9275.210000000000,0.141790950000
1594760436,9275.210000000000,0.020000000000
1594760420,9277.080000000000,0.020012830000
1594760420,9276.220000000000,2.243224000000
1594760420,9276.220000000000,0.003429000000
1594760420,9276.220000000000,0.019181000000
1594760420,9276.210000000000,0.010000000000
1594760420,9276.200000000000,0.157123910000
1594760418,9275.210000000000,0.022244050000
1594760418,9275.210000000000,0.035961380000
1594760418,9275.210000000000,0.020000000000
1594760418,9275.210000000000,0.375733510000
1594760418,9275.210000000000,0.081519900000
1594760414,9276.200000000000,0.085138910000
1594760412,9275.210000000000,0.060000000000
1594760406,9276.200000000000,0.014000000000
1594760401,9273.500000000000,0.006100440000
1594760393,9273.500000000000,0.007265470000
1594760385,9276.200000000000,0.012039620000
1594760360,9276.200000000000,0.131697560000
1594760358,9273.490000000000,0.006155350000
1594760325,9276.200000000000,0.020000000000
1594760324,9276.200000000000,0.295616840000
1594760324,9276.200000000000,0.337325880000
1594760322,9277.080000000000,0.052401170000
1594760322,9276.870000000000,0.010000000000
1594760322,9276.200000000000,0.337325880000
1594760312,9276.860000000000,0.020000000000
1594760312,9276.860000000000,0.003403670000
1594760311,9276.860000000000,0.337325880000
1594760311,9276.860000000000,0.139952000000
1594760310,9276.860000000000,0.337325880000
1594760309,9276.860000000000,0.317325880000
1594760309,9276.860000000000,0.020000000000
1594760307,9276.860000000000,0.337325880000
1594760306,9276.860000000000,0.014261990000
1594760305,9276.860000000000,0.170849370000
1594760305,9276.860000000000,0.020000000000
1594760305,9276.860000000000,0.170055610000
1594760304,9276.860000000000,0.337325880000
1594760300,9276.860000000000,0.010000000000
1594760300,9276.670000000000,0.010000000000
1594760281,9276.200000000000,0.100134950000
1594760280,9275.700000000000,0.001819910000
1594760273,9273.410000000000,0.006536930000
1594760240,9273.250000000000,0.005481220000
1594760229,9275.700000000000,0.008180090000
1594760228,9277.940000000000,0.021897570000
1594760228,9273.710000000000,0.010000000000
1594760189,9273.090000000000,0.005011330000
1594760151,9272.740000000000,0.005019960000
1594760144,9272.740000000000,0.004636640000
1594760118,9273.670000000000,0.010000000000
1594760118,9275.570000000000,0.004270870000
1594760118,9273.670000000000,0.004903860000
1594760112,9272.290000000000,0.030397820000
1594760112,9273.150000000000,0.003565180000
1594760112,9273.150000000000,0.020000000000
1594760099,9273.150000000000,0.008436910000
1594760099,9272.290000000000,0.012000000000
1594760097,9273.150000000000,0.013550000000
1594760096,9273.150000000000,0.029958000000
1594760096,9273.150000000000,0.011265000000
1594760096,9273.150000000000,0.000735000000
1594760096,9273.150000000000,0.019265000000
1594760080,9272.300000000000,0.270000000000
1594760080,9273.150000000000,0.037593950000
1594760080,9273.150000000000,0.020000000000
1594760075,9273.150000000000,0.023519000000
1594760075,9273.150000000000,0.323795000000
1594760072,9273.150000000000,0.042357000000
1594760072,9273.150000000000,0.020000000000
1594760068,9273.150000000000,0.033958000000
1594760068,9273.150000000000,0.020000000000
1594760067,9273.150000000000,0.053958000000
1594760067,9273.150000000000,0.003664640000
1594760066,9273.150000000000,0.012009000000
1594760050,9273.670000000000,0.005096140000
1594760045,9277.100000000000,0.003249100000
1594760045,9273.770000000000,0.010000000000
1594760032,9272.380000000000,0.030314390000
1594760031,9272.380000000000,0.005339320000
1594760026,9272.380000000000,0.108256230000
1594760009,9278.340000000000,0.001720380000
1594760009,9273.770000000000,0.010000000000
1594760006,9278.350000000000,0.324466030000
1594760006,9278.150000000000,0.200000000000
1594760006,9276.940000000000,1.000000000000
1594760006,9276.930000000000,0.364625600000
1594760006,9274.070000000000,0.010000000000
1594760006,9274.060000000000,1.301415280000
1594759995,9272.300000000000,0.006644890000
1594759984,9274.050000000000,0.020000000000
1594759984,9274.050000000000,0.012000000000
1594759983,9274.050000000000,0.103711220000
1594759983,9274.050000000000,0.020500000000
1594759983,9274.050000000000,0.014000000000
1594759983,9274.050000000000,0.112832000000
1594759983,9274.050000000000,0.100832000000
1594759983,9274.050000000000,0.012000000000
1594759983,9274.050000000000,0.012000000000
1594759983,9274.050000000000,0.012000000000
1594759982,9274.050000000000,0.019254000000
1594759982,9274.050000000000,0.012000000000
1594759982,9274.050000000000,0.012000000000
1594759982,9274.050000000000,0.012000000000
1594759982,9274.050000000000,0.012000000000
1594759981,9274.050000000000,0.056206000000
1594759981,9274.050000000000,0.012000000000
1594759981,9274.050000000000,0.083801000000
1594759981,9274.050000000000,0.012000000000
1594759980,9274.050000000000,0.012000000000
1594759980,9274.050000000000,0.012000000000
1594759980,9274.050000000000,0.012000000000
1594759979,9274.050000000000,0.004000000000
1594759979,9274.060000000000,0.008000000000
1594759979,9274.060000000000,0.012000000000
1594759977,9274.060000000000,0.109463000000
1594759977,9274.060000000000,0.018749140000
1594759976,9274.060000000000,0.027251940000
1594759976,9274.060000000000,0.109639100000
1594759975,9274.060000000000,0.003314780000
1594759975,9274.060000000000,0.010000000000
1594759975,9277.320000000000,0.186574750000
1594759975,9274.770000000000,0.004180000000
1594759974,9274.770000000000,0.005820000000
1594759971,9274.050000000000,0.070454000000
1594759970,9274.050000000000,0.013145000000
1594759965,9274.050000000000,0.112375690000
1594759965,9274.050000000000,0.052165570000
1594759964,9277.770000000000,0.003189680000
1594759964,9274.770000000000,0.010000000000
1594759960,9274.050000000000,0.039173920000
1594759953,9277.940000000000,0.004932760000
1594759953,9274.870000000000,0.000161090000
1594759951,9274.050000000000,0.012000000000
1594759950,9274.050000000000,0.053955000000
1594759950,9274.050000000000,0.311698000000
1594759949,9274.050000000000,0.012043000000
1594759948,9274.050000000000,0.377685000000
1594759945,9274.050000000000,0.022000000000
1594759934,9274.050000000000,0.022000000000
1594759930,9274.050000000000,0.028150000000
1594759927,9274.050000000000,0.020000000000
1594759924,9274.050000000000,0.012000000000
1594759922,9274.050000000000,0.035883000000
1594759922,9274.050000000000,0.012000000000
1594759919,9274.050000000000,0.012000000000
1594759918,9274.050000000000,0.012000000000
1594759918,9274.050000000000,0.305786000000
1594759918,9274.050000000000,0.180150000000
1594759915,9274.050000000000,0.028330000000
1594759915,9274.100000000000,0.020000000000
1594759909,9274.100000000000,0.006227540000
1594759890,9274.870000000000,0.005280360000
1594759881,9274.870000000000,0.004558550000
1594759856,9274.090000000000,0.005880700000
1594759789,9274.090000000000,0.005479050000
1594759788,9274.090000000000,0.005651650000
1594759785,9277.080000000000,1.798542600000
1594759722,9274.090000000000,0.030000000000
1594759707,9279.160000000000,0.002875480000
1594759707,9279.100000000000,0.008866970000
1594759707,9274.870000000000,0.010000000000
1594759694,9279.100000000000,0.002133030000
1594759694,9279.010000000000,0.000000020000
1594759694,9274.870000000000,0.006889450000
1594759690,9274.060000000000,0.007817000000
1594759689,9274.870000000000,0.003110550000
1594759668,9274.050000000000,0.007075840000
1594759664,9274.050000000000,0.003000000000
1594759628,9274.050000000000,0.006699530000
1594759625,9278.180000000000,0.077036680000
1594759625,9274.870000000000,0.010000000000
1594759623,9273.580000000000,0.107905940000
1594759615,9279.010000000000,0.601814950000
1594759615,9279.500000000000,0.002855760000
1594759615,9280.000000000000,0.020000000000
1594759615,9280.000000000000,0.216786270000
1594759615,9280.000000000000,0.082936410000
1594759615,9280.000000000000,0.147151930000
1594759615,9280.000000000000,0.161069790000
1594759615,9280.000000000000,0.079796090000
1594759615,9280.000000000000,0.215000000000
1594759615,9280.000000000000,2.843657130000
1594759615,9280.000000000000,4.786513410000
1594759614,9280.000000000000,2.000000000000
1594759614,9280.000000000000,0.323530000000
1594759614,9280.000000000000,0.011861110000
1594759614,9280.000000000000,0.559720400000
1594759614,9280.000000000000,0.151489680000
1594759613,9280.000000000000,3.609501920000
1594759613,9280.000000000000,3.069907440000
1594759613,9280.000000000000,0.323530000000
1594759613,9280.000000000000,2.230000000000
1594759613,9280.000000000000,1.331448820000
1594759613,9280.000000000000,0.021566000000
1594759613,9280.000000000000,0.060000000000
1594759612,9280.000000000000,0.131036000000
1594759612,9280.000000000000,0.431483000000
1594759612,9280.000000000000,3.445782640000
1594759612,9280.000000000000,0.320000000000
1594759612,9280.000000000000,0.019429000000
1594759612,9280.000000000000,1.000000000000
1594759612,9280.000000000000,0.215000000000
1594759612,9280.000000000000,0.161987360000
1594759612,9280.000000000000,2.154023450000
1594759611,9280.000000000000,2.997455940000
1594759611,9280.000000000000,0.162007910000
1594759611,9280.000000000000,2.018100890000
1594759611,9280.000000000000,0.200000000000
1594759611,9280.000000000000,0.650000000000
1594759611,9280.000000000000,0.019509920000
1594759611,9280.000000000000,0.161768240000
1594759611,9280.000000000000,0.600000000000
1594759611,9280.000000000000,0.700800000000
1594759611,9280.000000000000,0.337325880000
1594759611,9280.000000000000,0.431412000000
1594759611,9280.000000000000,0.063531000000
1594759611,9280.000000000000,0.150000000000
1594759611,9280.000000000000,0.022646720000
1594759611,9280.000000000000,0.033484280000
1594759611,9280.000000000000,0.215252000000
1594759610,9280.000000000000,0.215000000000
1594759610,9280.000000000000,0.431300000000
1594759610,9280.000000000000,2.430000000000
1594759610,9280.000000000000,0.323554000000
1594759610,9280.000000000000,0.161773900000
1594759610,9280.000000000000,0.209000000000
1594759610,9280.000000000000,0.100538520000
1594759610,9280.000000000000,0.160000000000
1594759610,9280.000000000000,0.215000000000
1594759610,9280.000000000000,4.935601530000
1594759610,9280.000000000000,0.215000000000
1594759610,9280.000000000000,0.215643140000
1594759608,9280.000000000000,0.045273080000
1594759608,9280.000000000000,0.057582240000
1594759608,9280.000000000000,0.152351540000
1594759608,9280.000000000000,0.183743090000
1594759608,9280.000000000000,0.230071660000
1594759608,9280.000000000000,0.539000000000
1594759607,9280.000000000000,0.539000000000
1594759607,9280.000000000000,0.215000000000
1594759606,9280.000000000000,0.431300000000
1594759605,9280.000000000000,0.166066940000
1594759605,9280.000000000000,0.049604410000
1594759605,9280.000000000000,0.159120440000
1594759605,9280.000000000000,0.215658720000
1594759605,9280.000000000000,0.161732050000
1594759605,9280.000000000000,0.214549860000
1594759604,9280.000000000000,2.010000000000
1594759604,9280.000000000000,0.215656540000
1594759598,9280.000000000000,0.022855470000
1594759598,9280.000000000000,0.041772790000
1594759598,9280.000000000000,3.860000000000
1594759597,9281.410000000000,0.011340000000
1594759596,9280.000000000000,0.450000000000
1594759595,9281.410000000000,0.000794170000
1594759595,9280.010000000000,0.010000000000
1594759595,9280.000000000000,2.000000000000
1594759594,9281.410000000000,0.001831550000
1594759594,9280.020000000000,0.005653740000
1594759593,9280.000000000000,1.180000000000
1594759593,9280.000000000000,15.843200000000
1594759593,9280.000000000000,0.107869340000
1594759593,9280.000000000000,0.167430890000
1594759593,9280.000000000000,0.317664030000
1594759593,9280.000000000000,0.107869350000
1594759592,9280.000000000000,0.027922080000
1594759585,9280.000000000000,2.010000000000
1594759582,9280.000000000000,0.660000000000
1594759580,9280.000000000000,0.660000000000
1594759578,9280.020000000000,0.004346260000
1594759573,9280.000000000000,2.010000000000
1594759564,9280.000000000000,2.000000000000
1594759555,9280.000000000000,2.010000000000
1594759548,9280.000000000000,0.109118210000
1594759548,9280.000000000000,0.052879780000
1594759548,9280.000000000000,0.161882680000
1594759548,9280.000000000000,0.323786850000
1594759548,9280.000000000000,0.107914700000
1594759547,9280.000000000000,0.007385230000
1594759544,9280.000000000000,2.000000000000
1594759537,9280.000000000000,0.215000000000
1594759534,9280.000000000000,0.215000000000
1594759534,9280.000000000000,1.939821830000
1594759534,9280.010000000000,0.020000000000
1594759534,9280.010000000000,0.050178170000
1594759533,9280.010000000000,0.009821830000
1594759533,9280.010000000000,0.010000000000
1594759522,9280.000000000000,2.010000000000
1594759521,9280.000000000000,0.160482440000
1594759520,9281.000000000000,1.537029260000
1594759520,9280.010000000000,0.010000000000
1594759520,9280.000000000000,0.115500100000
1594759519,9280.000000000000,0.161628500000
1594759518,9280.000000000000,0.161673270000
1594759518,9281.000000000000,0.241500000000
1594759518,9280.010000000000,0.010000000000
1594759518,9280.000000000000,0.139334290000
1594759518,9280.000000000000,0.022294200000
1594759514,9280.000000000000,0.215000000000
1594759512,9280.000000000000,0.287281860000
1594759512,9280.000000000000,0.005183470000
1594759511,9280.000000000000,2.000000000000
1594759511,9280.000000000000,0.027442460000
1594759511,9280.000000000000,0.051320380000
1594759511,9280.000000000000,0.112697890000
1594759510,9280.000000000000,0.100546530000
1594759510,9280.000000000000,0.025815900000
1594759510,9280.000000000000,0.082025520000
1594759509,9280.000000000000,0.011130200000
1594759509,9280.000000000000,0.035943350000
1594759507,9280.000000000000,0.185135130000
1594759504,9280.000000000000,0.150761300000
1594759502,9280.000000000000,2.010000000000
1594759491,9280.000000000000,2.000000000000
1594759482,9280.000000000000,2.010000000000
1594759478,9280.000000000000,0.139788040000
1594759472,9280.000000000000,2.010000000000
1594759469,9280.000000000000,0.066846000000
1594759469,9280.000000000000,0.020822700000
1594759465,9280.000000000000,0.058460440000
1594759462,9280.000000000000,2.000000000000
1594759461,9280.000000000000,0.018777920000
1594759453,9280.000000000000,0.160000000000
1594759453,9280.000000000000,2.010000000000
1594759451,9280.000000000000,0.086619530000
1594759451,9280.000000000000,0.015483720000
1594759451,9280.000000000000,0.161777420000
1594759449,9280.000000000000,0.105505850000
1594759446,9280.000000000000,0.045257500000
1594759446,9280.000000000000,0.089070980000
1594759446,9280.000000000000,0.027380750000
1594759445,9280.000000000000,0.086496650000
1594759445,9280.000000000000,2.700000000000
1594759444,9280.000000000000,0.431374000000
1594759444,9280.000000000000,0.029521000000
1594759444,9280.000000000000,0.574234730000
1594759444,9280.000000000000,0.294000000000
1594759444,9280.000000000000,0.144217000000
1594759444,9280.010000000000,0.055783000000
1594759444,9280.010000000000,0.010000000000
1594759444,9280.000000000000,2.228475100000
1594759442,9280.000000000000,0.015000000000
1594759441,9280.000000000000,0.118602210000
1594759441,9280.000000000000,0.043136750000
1594759436,9280.000000000000,0.215000000000
1594759435,9280.000000000000,0.560000000000
1594759434,9280.000000000000,0.900000000000
1594759433,9280.000000000000,0.090000000000
1594759431,9280.000000000000,0.188119160000
1594759431,9280.000000000000,0.162043150000
1594759431,9280.000000000000,0.149035000000
1594759431,9280.000000000000,0.024050520000
1594759429,9280.000000000000,2.000000000000
1594759429,9280.000000000000,0.115073900000
1594759429,9280.000000000000,0.215000000000
1594759426,9280.000000000000,0.006696610000
1594759426,9280.000000000000,0.005286870000
1594759421,9280.790000000000,0.013587190000
1594759421,9280.010000000000,0.010000000000
1594759418,9280.000000000000,0.096418000000
1594759410,9280.000000000000,15.847600000000
1594759409,9280.000000000000,12.788900000000
1594759409,9280.000000000000,0.215000000000
1594759405,9280.000000000000,8.408400000000
1594759405,9280.000000000000,0.215000000000
1594759401,9280.000000000000,1.626500000000
1594759400,9280.000000000000,0.539000000000
1594759400,9280.000000000000,0.539000000000
1594759400,9280.000000000000,2.010000000000
1594759397,9280.000000000000,0.170000000000
1594759395,9280.000000000000,0.040000000000
1594759392,9280.000000000000,2.000000000000
1594759391,9280.000000000000,0.077015310000
1594759389,9281.000000000000,0.221470740000
1594759385,9280.000000000000,3.468260530000
1594759384,9280.000000000000,0.096188750000
1594759381,9280.000000000000,0.215000000000
1594759381,9280.000000000000,0.216000000000
1594759380,9280.000000000000,2.010000000000
1594759378,9280.000000000000,0.032000000000
1594759378,9280.000000000000,0.077740010000
1594759377,9280.000000000000,0.130257250000
1594759374,9280.000000000000,3.421180080000
1594759374,9280.000000000000,0.107851320000
1594759370,9280.000000000000,2.010000000000
1594759370,9280.000000000000,0.539000000000
1594759369,9280.000000000000,0.539000000000
1594759369,9280.000000000000,0.005000000000
1594759369,9280.000000000000,20.516666300000
1594759369,9280.000000000000,0.053923530000
1594759368,9280.000000000000,0.030000000000
1594759368,9280.000000000000,0.337325880000
1594759368,9280.000000000000,1.060000000000
1594759368,9280.000000000000,0.539000000000
1594759368,9280.000000000000,0.150000000000
1594759368,9280.000000000000,0.323550090000
1594759368,9280.000000000000,8.656303870000
1594759366,9280.010000000000,0.010000000000
1594759360,9280.000000000000,2.000000000000
1594759348,9280.000000000000,0.010000000000
1594759347,9279.330000000000,1.077600000000
1594759347,9279.160000000000,0.577261600000
1594759347,9278.940000000000,0.538300000000
1594759347,9278.930000000000,0.390557290000
1594759347,9275.460000000000,0.010000000000
1594759344,9279.160000000000,0.204792100000
1594759344,9276.060000000000,0.001238810000
1594759329,9276.060000000000,0.008761190000
1594759323,9272.190000000000,0.515448140000
1594759323,9275.090000000000,0.020000000000
1594759323,9280.000000000000,113.408700620000
1594759323,9280.000000000000,84.354159430000
1594759323,9280.000000000000,0.010000000000
1594759323,9280.000000000000,0.010000000000
1594759323,9279.920000000000,0.015000000000
1594759323,9279.130000000000,1.076400000000
1594759323,9278.750000000000,0.578382460000
1594759323,9278.650000000000,0.536600000000
1594759323,9277.600000000000,0.000757490000
1594759323,9275.970000000000,0.010000000000
1594759306,9275.090000000000,0.006546910000
1594759305,9275.940000000000,0.010000000000
1594759304,9275.900000000000,0.010000000000
1594759303,9275.870000000000,0.010000000000
1594759301,9275.850000000000,0.010000000000
1594759300,9275.820000000000,0.010000000000
1594759299,9275.790000000000,0.010000000000
1594759298,9275.760000000000,0.010000000000
1594759297,9275.730000000000,0.010000000000
1594759296,9275.710000000000,0.010000000000
1594759295,9275.680000000000,0.010000000000
1594759294,9275.660000000000,0.010000000000
1594759293,9275.630000000000,0.010000000000
1594759292,9277.600000000000,0.013242510000
1594759292,9275.400000000000,0.000757490000
1594759291,9275.400000000000,0.005000000000
1594759291,9275.400000000000,0.004242510000
1594759290,9275.380000000000,0.010000000000
1594759289,9275.250000000000,0.010000000000
1594759288,9275.060000000000,0.010000000000
1594759287,9275.010000000000,0.010000000000
1594759286,9275.010000000000,0.010000000000
1594759286,9275.000000000000,0.010000000000
1594759286,9275.000000000000,0.010000000000
1594759286,9274.870000000000,0.010000000000
1594759276,9272.230000000000,0.081862960000
1594759268,9271.700000000000,0.003876030000
1594759260,9275.750000000000,0.010498290000
1594759260,9274.870000000000,0.001382000000
1594759254,9271.890000000000,3.250812870000
1594759254,9271.900000000000,3.337761930000
1594759254,9271.900000000000,0.212238070000
1594759254,9271.910000000000,0.392439100000
1594759254,9272.950000000000,0.020000000000
1594759248,9272.920000000000,0.005351790000
1594759242,9274.870000000000,0.003312000000
1594759242,9274.870000000000,0.005306000000
1594759242,9273.870000000000,0.010000000000
1594759238,9269.590000000000,0.043075300000
1594759238,9272.010000000000,0.020000000000
1594759220,9271.550000000000,0.054856520000
1594759219,9271.540000000000,0.591524570000
1594759219,9280.000000000000,0.005067170000
1594759219,9280.000000000000,0.020000000000
1594759219,9280.000000000000,21.924682360000
1594759219,9280.000000000000,2.620626040000
1594759219,9280.000000000000,0.052690770000
1594759219,9280.000000000000,0.045167090000
1594759219,9280.000000000000,0.038541930000
1594759219,9280.000000000000,0.053848650000
1594759219,9280.000000000000,0.110833260000
1594759219,9280.000000000000,0.039830940000
1594759219,9280.000000000000,0.215000000000
1594759219,9280.000000000000,0.160636950000
1594759219,9280.000000000000,0.021823700000
1594759219,9280.000000000000,0.065590880000
1594759219,9280.000000000000,0.153014980000
1594759219,9280.000000000000,0.100000000000
1594759219,9280.000000000000,0.104115490000
1594759219,9280.000000000000,0.305292520000
1594759219,9280.000000000000,0.096199050000
1594759219,9280.000000000000,0.435823960000
1594759219,9280.000000000000,0.153867660000
1594759219,9280.000000000000,0.062597440000
1594759219,9280.000000000000,0.315075410000
1594759219,9280.000000000000,0.316116260000
1594759219,9280.000000000000,0.061482430000
1594759218,9280.000000000000,0.269407180000
1594759218,9280.000000000000,0.164568270000
1594759218,9280.000000000000,0.666240720000
1594759218,9280.000000000000,0.215560560000
1594759218,9280.000000000000,0.057406590000
1594759218,9280.000000000000,0.860000000000
1594759218,9280.000000000000,0.078281710000
1594759218,9280.000000000000,0.026093900000
1594759218,9280.000000000000,0.052187430000
1594759217,9280.000000000000,0.910796920000
1594759217,9280.000000000000,0.053905510000
1594759216,9280.000000000000,1.075005480000
1594759215,9280.000000000000,0.398011110000
1594759215,9280.000000000000,0.337325880000
1594759213,9280.000000000000,0.215000000000
1594759213,9280.000000000000,0.040179000000
1594759212,9280.000000000000,0.006140430000
1594759212,9280.000000000000,0.005387000000
1594759211,9280.000000000000,0.215000000000
1594759211,9280.000000000000,0.110787000000
1594759210,9280.000000000000,0.143524610000
1594759207,9280.000000000000,0.035762400000
1594759207,9280.000000000000,0.072492260000
1594759207,9280.000000000000,0.053903290000
1594759206,9280.000000000000,0.108041150000
1594759206,9280.000000000000,0.111640900000
1594759205,9280.000000000000,0.091414990000
1594759205,9280.000000000000,0.215003700000
1594759203,9280.000000000000,0.178983360000
1594759201,9280.000000000000,0.150000000000
1594759201,9280.000000000000,0.005000000000
1594759201,9280.000000000000,0.011014480000
1594759200,9280.000000000000,0.148095700000
1594759200,9280.000000000000,0.148095700000
1594759200,9280.000000000000,0.194163950000
1594759200,9280.000000000000,0.157528600000
1594759197,9280.000000000000,0.041275680000
1594759196,9280.000000000000,0.108028570000
1594759195,9280.000000000000,0.004569950000
1594759193,9280.000000000000,0.323517450000
1594759193,9280.000000000000,0.160680330000
1594759193,9280.000000000000,1.982083620000
1594759193,9280.000000000000,0.376373130000
1594759192,9280.000000000000,0.059948280000
1594759190,9280.000000000000,0.083658190000
1594759190,9280.010000000000,0.139514930000
1594759188,9280.000000000000,0.072445620000
1594759187,9280.000000000000,0.055250300000
1594759187,9280.000000000000,0.075382790000
1594759187,9280.000000000000,0.018235440000
1594759186,9280.000000000000,0.006756480000
1594759185,9280.000000000000,0.233778290000
1594759185,9280.000000000000,0.145099640000
1594759185,9280.000000000000,0.016585790000
1594759185,9280.000000000000,0.072245940000
1594759185,9280.000000000000,0.175039860000
1594759185,9280.000000000000,0.215484190000
1594759185,9280.000000000000,0.215510290000
1594759184,9280.000000000000,0.224357230000
1594759183,9280.000000000000,3.831257030000
1594759183,9280.000000000000,0.085593690000
1594759182,9280.000000000000,0.297573870000
1594759182,9280.000000000000,0.373481760000
1594759182,9280.000000000000,4.444119540000
1594759182,9280.000000000000,0.139483090000
1594759182,9280.000000000000,0.022207770000
1594759182,9280.000000000000,0.211767450000
1594759182,9280.000000000000,0.188537770000
1594759182,9280.000000000000,0.057277750000
1594759182,9280.000000000000,0.431207340000
1594759181,9280.000000000000,0.297573870000
1594759181,9280.000000000000,0.147403310000
1594759181,9280.000000000000,4.453816920000
1594759181,9280.000000000000,1.000000000000
1594759181,9280.000000000000,0.113312910000
1594759181,9280.000000000000,2.900000000000
1594759181,9280.000000000000,0.118144570000
1594759181,9280.000000000000,0.178220250000
1594759181,9280.000000000000,0.039589050000
1594759181,9280.000000000000,0.037666540000
1594759180,9280.000000000000,0.016060300000
1594759180,9280.000000000000,0.026020960000
1594759180,9280.000000000000,4.696094120000
1594759180,9280.000000000000,1.000000000000
1594759180,9280.000000000000,1.000000000000
1594759180,9280.000000000000,0.373481760000
1594759180,9280.000000000000,0.200000000000
1594759180,9280.000000000000,0.161927150000
1594759179,9280.000000000000,0.016213890000
1594759179,9280.000000000000,0.115616530000
1594759179,9280.000000000000,0.200000000000
1594759179,9280.000000000000,4.453048810000
1594759179,9280.000000000000,0.044157110000
1594759179,9280.000000000000,0.162080050000
1594759179,9280.000000000000,0.200000000000
1594759179,9280.000000000000,0.136618600000
1594759179,9280.000000000000,0.005000000000
1594759179,9280.000000000000,0.150000000000
1594759179,9280.000000000000,0.200000000000
1594759179,9280.000000000000,1.000000000000
1594759179,9280.000000000000,0.117776840000
1594759179,9280.000000000000,0.026095840000
1594759179,9280.000000000000,0.200000000000
1594759179,9280.000000000000,0.041131730000
1594759179,9280.000000000000,1.000000000000
1594759179,9280.000000000000,0.053912800000
1594759179,9280.000000000000,0.150988470000
1594759179,9280.000000000000,0.200000000000
1594759178,9280.000000000000,0.200000000000
1594759178,9280.000000000000,4.386056760000
1594759178,9280.000000000000,15.854900000000
1594759178,9280.000000000000,2.210000000000
1594759178,9280.000000000000,0.798027520000
1594759178,9280.000000000000,0.079400260000
1594759178,9280.000000000000,0.027610790000
1594759178,9280.000000000000,0.200000000000
1594759178,9280.000000000000,0.032623520000
1594759178,9280.000000000000,0.200000000000
1594759178,9280.000000000000,0.200000000000
1594759178,9280.000000000000,0.060340190000
1594759178,9280.000000000000,0.010000000000
1594759178,9280.000000000000,0.200000000000
1594759178,9280.000000000000,0.163949550000
1594759177,9280.000000000000,0.010000000000
1594759177,9280.000000000000,0.053957980000
1594759177,9280.000000000000,0.010000000000
1594759177,9280.000000000000,0.200000000000
1594759177,9280.000000000000,0.539000000000
1594759177,9280.000000000000,0.010000000000
1594759177,9280.000000000000,0.013412400000
1594759177,9280.000000000000,0.048444310000
1594759177,9280.000000000000,0.683462680000
1594759177,9280.000000000000,0.200000000000
1594759177,9280.000000000000,0.010000000000
1594759177,9280.000000000000,10.600000000000
1594759177,9280.000000000000,15.854300000000
1594759177,9280.000000000000,0.200000000000
1594759177,9280.000000000000,0.010000000000
1594759177,9280.000000000000,0.200000000000
1594759177,9280.000000000000,0.010000000000
1594759177,9280.000000000000,0.426400000000
1594759177,9280.000000000000,0.200000000000
1594759177,9280.000000000000,1.150000000000
1594759177,9280.000000000000,0.319424950000
1594759176,9280.000000000000,0.010000000000
1594759176,9280.000000000000,0.200000000000
1594759176,9280.000000000000,0.426400000000
1594759176,9280.000000000000,2.050000000000
1594759176,9280.000000000000,0.010000000000
1594759176,9280.000000000000,0.319424950000
1594759176,9280.000000000000,0.426400000000
1594759176,9280.000000000000,4.619000000000
1594759176,9280.000000000000,0.010000000000
1594759176,9280.000000000000,1.000000000000
1594759176,9280.000000000000,0.200000000000
1594759176,9280.000000000000,0.319424950000
1594759176,9280.000000000000,0.426400000000
1594759176,9280.000000000000,0.745824950000
1594759176,9280.000000000000,0.358411020000
1594759176,9280.000000000000,0.010000000000
1594759176,9280.000000000000,1.350000000000
1594759176,9280.000000000000,2.284990000000
1594759176,9280.000000000000,0.200000000000
1594759176,9280.000000000000,0.026000000000
1594759176,9280.000000000000,4.619000000000
1594759176,9280.000000000000,0.150000000000
1594759176,9280.000000000000,1.133448130000
1594759176,9280.000000000000,0.323000000000
1594759176,9280.000000000000,0.269000000000
1594759176,9280.000000000000,1.500000000000
1594759176,9280.000000000000,0.539000000000
1594759176,9280.000000000000,0.745824950000
1594759176,9280.000000000000,4.700000000000
1594759176,9280.000000000000,0.745824950000
1594759176,9280.000000000000,0.040000000000
1594759176,9280.000000000000,0.323347980000
1594759176,9280.000000000000,0.010000000000
1594759176,9280.000000000000,20.521340000000
1594759176,9280.000000000000,0.100000000000
1594759176,9280.000000000000,0.200000000000
1594759176,9280.000000000000,0.021000000000
1594759176,9280.000000000000,0.500000000000
1594759176,9279.680000000000,0.321000000000
1594759176,9279.550000000000,4.900000000000
1594759176,9278.980000000000,0.500000000000
1594759176,9278.730000000000,0.321000000000
1594759176,9278.660000000000,2.000000000000
1594759176,9278.550000000000,0.150830000000
1594759176,9278.110000000000,0.096000000000
1594759176,9277.940000000000,3.000000000000
1594759176,9277.610000000000,0.323359140000
1594759176,9277.080000000000,0.917874690000
1594759176,9277.080000000000,0.005000000000
1594759176,9276.760000000000,0.200000000000
1594759176,9276.570000000000,0.734500000000
1594759176,9276.170000000000,0.200000000000
1594759176,9276.160000000000,0.245500000000
1594759175,9276.150000000000,0.537400000000
1594759175,9276.150000000000,0.559971190000
1594759175,9276.140000000000,0.392688730000
1594759175,9275.470000000000,0.003333330000
1594759175,9275.400000000000,0.210887200000
1594759175,9275.230000000000,1.000000000000
1594759175,9274.760000000000,0.511414730000
1594759175,9274.750000000000,0.479194150000
1594759175,9274.360000000000,0.537100000000
1594759175,9273.550000000000,0.023000000000
1594759175,9269.870000000000,0.010000000000
1594759172,9267.970000000000,0.073927030000
1594759169,9274.750000000000,0.097373320000
1594759169,9269.870000000000,0.010000000000
1594759169,9274.760000000000,0.097373320000
1594759169,9269.870000000000,0.010000000000
1594759169,9274.760000000000,0.139711760000
1594759169,9269.870000000000,0.010000000000
1594759168,9274.770000000000,0.227608990000
1594759168,9269.870000000000,0.010000000000
1594759163,9274.130000000000,0.257258000000
1594759163,9269.870000000000,0.010000000000
1594759162,9267.760000000000,0.005075150000
1594759161,9274.140000000000,0.029314000000
1594759161,9273.610000000000,0.537700000000
1594759161,9269.870000000000,0.006415000000
1594759161,9269.870000000000,0.003585000000
1594759144,9273.120000000000,0.534555080000
1594759144,9269.870000000000,0.004094510000
1594759099,9267.560000000000,0.004807320000
1594759093,9269.870000000000,0.005905490000
1594759093,9269.870000000000,0.001911510000
1594759086,9269.870000000000,0.004807320000
1594759083,9269.870000000000,0.003281170000
1594759072,9271.520000000000,0.492751840000
1594759072,9271.520000000000,0.005000000000
1594759072,9271.230000000000,0.031000000000
1594759072,9267.770000000000,0.010000000000
1594759065,9266.220000000000,0.005129740000
1594759042,9265.300000000000,0.005612430000
1594759027,9270.680000000000,0.528794260000
1594759027,9268.110000000000,0.010000000000
1594759009,9269.200000000000,0.046181710000
1594759009,9268.250000000000,0.010000000000
1594759000,9266.390000000000,0.367594500000
1594758996,9270.430000000000,0.043000000000
1594758996,9268.250000000000,0.010000000000
1594758995,9266.890000000000,0.472000000000
1594758995,9270.000000000000,0.070000000000
1594758995,9270.000000000000,0.137580180000
1594758995,9268.110000000000,0.000059840000
1594758994,9268.110000000000,0.045940160000
1594758994,9266.870000000000,0.000059840000
1594758994,9266.870000000000,0.009940160000
1594758994,9266.250000000000,0.002859840000
1594758994,9265.750000000000,0.140087870000
1594758994,9265.750000000000,0.269418130000
1594758994,9265.750000000000,0.040000000000
1594758993,9265.980000000000,0.000016000000
1594758993,9265.980000000000,0.009984000000
1594758993,9265.750000000000,0.000016000000
1594758993,9265.750000000000,0.064365000000
1594758993,9265.750000000000,0.306835000000
1594758993,9265.730000000000,0.278724000000
1594758993,9265.730000000000,1.133438000000
1594758993,9265.730000000000,0.472000000000
1594758980,9264.290000000000,0.030658890000
1594758980,9264.290000000000,0.004441110000
1594758970,9265.690000000000,0.119784820000
1594758970,9265.670000000000,0.003379000000
1594758970,9265.670000000000,0.017588000000
1594758970,9265.670000000000,0.032603000000
1594758956,9265.630000000000,0.033417000000
1594758956,9265.630000000000,0.328789000000
1594758953,9265.610000000000,0.366340000000
1594758946,9265.610000000000,0.234600000000
1594758944,9264.290000000000,0.005558890000
1594758943,9265.610000000000,0.062552000000
1594758943,9265.590000000000,0.017743000000
1594758943,9265.590000000000,0.118471000000
1594758943,9265.590000000000,0.279460000000
1594758939,9264.290000000000,0.010000000000
1594758937,9264.290000000000,0.048000000000
1594758937,9264.290000000000,0.010000000000
1594758922,9265.540000000000,0.001417450000
1594758922,9265.540000000000,0.009631000000
1594758919,9261.190000000000,0.666082920000
1594758919,9264.240000000000,0.080715560000
1594758919,9264.240000000000,0.010000000000
1594758907,9264.430000000000,0.005693520000
1594758901,9264.300000000000,0.127600000000
1594758901,9264.430000000000,0.010000000000
1594758898,9264.300000000000,0.200000000000
1594758898,9264.300000000000,0.010000000000
1594758892,9264.270000000000,0.003517620000
1594758885,9265.690000000000,1.855343540000
1594758851,9264.270000000000,0.006482380000
1594758847,9264.270000000000,0.000200000000
1594758847,9264.270000000000,0.009800000000
1594758824,9261.220000000000,0.006327340000
1594758814,9265.670000000000,0.042064770000
1594758775,9265.830000000000,0.003000000000
1594758730,9261.200000000000,0.174948330000
1594758703,9261.360000000000,0.005039920000
1594758701,9265.980000000000,0.021476410000
1594758689,9264.890000000000,0.526780830000
1594758652,9265.970000000000,0.648031660000
1594758640,9265.900000000000,0.005098180000
1594758637,9265.900000000000,0.005691160000
1594758630,9265.950000000000,0.112375000000
1594758630,9265.940000000000,0.041601000000
1594758630,9265.940000000000,0.231024000000
1594758620,9265.930000000000,0.102069180000
1594758620,9265.920000000000,0.042750000000
1594758620,9265.920000000000,0.240180820000
1594758619,9265.920000000000,0.004258180000
1594758610,9265.900000000000,0.011648000000
1594758605,9265.890000000000,0.004268000000
1594758598,9265.890000000000,0.006213000000
1594758598,9265.880000000000,0.015769000000
1594758598,9265.880000000000,0.007018000000
1594758596,9265.870000000000,0.480000000000
1594758583,9265.840000000000,0.060678000000
1594758582,9261.690000000000,0.006027950000
1594758580,9265.840000000000,0.053692910000
1594758550,9261.690000000000,0.008679930000
1594758536,9265.750000000000,0.038611580000
1594758536,9265.750000000000,0.004726000000
1594758518,9265.710000000000,0.005000000000
1594758514,9261.340000000000,0.010423810000
1594758503,9261.580000000000,0.270995310000
1594758503,9262.310000000000,0.003000000000
1594758503,9262.310000000000,0.267000000000
1594758500,9265.680000000000,0.011596000000
1594758500,9265.670000000000,0.010000000000
1594758488,9261.190000000000,0.005221980000
1594758478,9261.190000000000,0.011547000000
1594758470,9261.190000000000,0.059131100000
1594758462,9261.190000000000,0.006137720000
1594758433,9265.690000000000,0.008912630000
1594758405,9265.700000000000,0.030000000000
1594758401,9265.840000000000,0.021200000000
1594758400,9265.840000000000,0.060355960000
1594758383,9265.880000000000,0.060279270000
1594758382,9261.190000000000,0.014806000000
1594758371,9261.200000000000,0.008594320000
1594758370,9261.200000000000,0.200000000000
1594758364,9266.010000000000,0.008525180000
1594758343,9262.120000000000,1.071301330000
1594758343,9262.510000000000,0.028698670000
1594758342,9262.510000000000,0.002508980000
1594758342,9262.510000000000,0.003000000000
1594758318,9266.890000000000,0.005999000000
1594758289,9266.910000000000,0.054867000000
1594758288,9266.900000000000,0.125992000000
1594758283,9262.510000000000,0.564996380000
1594758257,9266.910000000000,0.399591000000
1594758257,9266.890000000000,0.003409000000
1594758247,9263.000000000000,0.007042440000
1594758247,9266.890000000000,0.268901000000
1594758247,9266.870000000000,0.040554000000
1594758247,9266.870000000000,0.093545000000
1594758228,9262.760000000000,0.005660510000
1594758222,9262.740000000000,0.006776450000
1594758208,9266.770000000000,0.003932330000
1594758202,9266.730000000000,0.004562550000
1594758180,9262.660000000000,0.005310710000
1594758162,9266.910000000000,0.010737120000
1594758150,9262.800000000000,0.012360700000
1594758142,9266.910000000000,0.381000000000
1594758135,9266.910000000000,0.381000000000
1594758132,9266.910000000000,0.302000000000
1594758131,9264.320000000000,0.276207000000
1594758131,9264.320000000000,0.679091000000
1594758131,9264.310000000000,0.478765000000
1594758131,9264.310000000000,0.146273210000
1594758131,9264.310000000000,0.024230790000
1594758131,9264.310000000000,0.555769210000
1594758130,9262.510000000000,0.108564650000
1594758129,9264.310000000000,0.330896790000
1594758129,9264.300000000000,0.050103210000
1594758129,9264.300000000000,0.532839790000
1594758129,9264.300000000000,0.006194000000
1594758129,9264.300000000000,0.150966210000
1594758126,9264.300000000000,0.321486790000
1594758126,9264.290000000000,0.009034000000
1594758126,9264.290000000000,0.159479210000
1594758124,9264.290000000000,0.580000000000
1594758123,9264.290000000000,0.381000000000
1594758122,9264.290000000000,0.580000000000
1594758120,9264.290000000000,0.571325790000
1594758120,9264.280000000000,0.008674210000
1594758118,9264.280000000000,0.356477790000
1594758118,9264.280000000000,0.011357000000
1594758118,9264.280000000000,0.022599000000
1594758118,9264.270000000000,0.309566210000
1594758116,9264.270000000000,0.790000000000
1594758113,9264.270000000000,0.758364790000
1594758113,9264.270000000000,0.026115000000
1594758113,9264.270000000000,0.005520210000
1594758111,9264.270000000000,0.334446790000
1594758111,9264.260000000000,0.005553210000
1594758109,9264.260000000000,0.459494790000
1594758109,9264.260000000000,0.012603000000
1594758109,9264.240000000000,0.026388000000
1594758109,9264.240000000000,0.001514210000
1594758107,9264.240000000000,0.016977790000
1594758107,9264.220000000000,0.038202000000
1594758107,9264.220000000000,0.142405000000
1594758107,9264.220000000000,0.062415210000
1594758105,9264.220000000000,0.244951790000
1594758105,9264.200000000000,0.005048210000
1594758103,9264.200000000000,0.122741790000
1594758103,9264.180000000000,0.027258210000
1594758102,9263.220000000000,0.005518960000
1594758092,9266.910000000000,0.004000000000
1594758084,9262.550000000000,0.158655960000
1594758084,9262.550000000000,0.587641380000
1594758084,9262.890000000000,0.241314820000
1594758084,9262.900000000000,0.364286840000
1594758026,9262.630000000000,0.005559890000
1594758013,9266.820000000000,0.269872000000
1594758013,9266.820000000000,0.073128000000
1594758006,9266.810000000000,0.343000000000
1594758000,9268.690000000000,0.221761000000
1594758000,9266.800000000000,0.019472000000
1594758000,9266.800000000000,0.101767000000
1594758000,9266.800000000000,0.130522000000
1594758000,9266.800000000000,0.171478000000
1594757997,9266.790000000000,0.194000000000
1594757993,9266.790000000000,0.038000000000
1594757993,9266.790000000000,0.076519000000
1594757993,9266.780000000000,0.019481000000
1594757985,9266.770000000000,0.803957930000
1594757982,9261.640000000000,0.006816370000
1594757934,9261.940000000000,0.006919160000
1594757885,9261.890000000000,0.006157590000
1594757875,9266.780000000000,0.031059890000
1594757875,9266.770000000000,0.040000000000
1594757875,9266.770000000000,0.375940110000
1594757862,9262.280000000000,0.006187620000
1594757857,9266.770000000000,0.019000000000
1594757841,9261.600000000000,0.005769490000
1594757840,9261.390000000000,0.069836620000
1594757840,9261.850000000000,0.010000000000
1594757794,9264.480000000000,0.020000000000
1594757741,9264.180000000000,0.005169660000
1594757736,9267.880000000000,0.020000000000
1594757735,9268.840000000000,0.086269450000
1594757709,9267.880000000000,0.011477120000
1594757709,9267.880000000000,0.406622880000
1594757707,9267.880000000000,0.135180000000
1594757703,9270.000000000000,0.041249310000
1594757703,9268.870000000000,0.010000000000
1594757700,9268.870000000000,0.010000000000
1594757681,9270.000000000000,0.021170510000
1594757681,9268.870000000000,0.010000000000
1594757681,9265.130000000000,0.009600000000
1594757677,9265.130000000000,0.470400000000
1594757675,9265.130000000000,0.020000000000
1594757665,9265.110000000000,0.038538270000
1594757665,9268.170000000000,0.020000000000
1594757659,9268.170000000000,0.010171240000
1594757659,9268.170000000000,0.048800000000
1594757650,9268.170000000000,0.001200000000
1594757629,9268.170000000000,0.008800000000
1594757629,9268.050000000000,0.048200000000
1594757621,9264.220000000000,0.006586830000
1594757601,9267.970000000000,0.022000000000
1594757601,9267.970000000000,0.010000000000
1594757575,9264.220000000000,0.005828250000
1594757528,9268.050000000000,0.000800000000
1594757528,9266.270000000000,0.007200000000
1594757523,9262.760000000000,0.005053820000
1594757504,9266.230000000000,0.004591030000
1594757500,9262.300000000000,0.006566870000
1594757477,9262.300000000000,0.006701840000
1594757464,9266.260000000000,0.012074320000
1594757455,9266.260000000000,0.113738530000
1594757417,9262.280000000000,0.005461540000
1594757380,9261.840000000000,0.005159680000
1594757377,9266.270000000000,0.002800000000
1594757322,9262.270000000000,0.020000000000
1594757319,9265.390000000000,0.040789540000
1594757318,9265.400000000000,0.023088750000
1594757297,9262.270000000000,0.019600000000
1594757282,9262.270000000000,0.006655100000
1594757278,9262.260000000000,0.111443140000
1594757278,9264.110000000000,0.020000000000
1594757277,9264.110000000000,1.244578510000
1594757260,9264.110000000000,0.006427140000
1594757250,9268.380000000000,0.459000000000
1594757216,9262.560000000000,0.005370280000
1594757186,9267.450000000000,0.343046450000
1594757186,9266.850000000000,0.543840540000
1594757186,9266.840000000000,0.397223920000
1594757186,9265.960000000000,0.369409640000
1594757178,9263.000000000000,0.082156460000
1594757178,9263.000000000000,0.004843540000
1594757161,9262.000000000000,0.005679980000
1594757146,9265.960000000000,0.389269970000
1594757141,9265.960000000000,0.391000000000
1594757140,9261.960000000000,0.007315370000
1594757099,9267.050000000000,0.536846760000
1594757088,9265.930000000000,0.013613450000
1594757085,9265.960000000000,0.031320390000
1594757085,9265.400000000000,0.565304300000
1594757085,9265.230000000000,0.782237160000
1594757083,9258.960000000000,0.282462380000
1594757077,9262.470000000000,1.144787320000
1594757077,9262.470000000000,0.020000000000
1594757030,9266.470000000000,0.150754470000
1594757030,9266.470000000000,0.386124730000
1594757023,9265.880000000000,0.419000000000
1594757019,9262.470000000000,0.007724550000
1594757016,9265.960000000000,0.419000000000
1594757000,9262.490000000000,0.520086000000
1594757000,9262.490000000000,0.020000000000
1594756997,9267.190000000000,0.105749420000
1594756989,9262.490000000000,0.032800000000
1594756988,9262.490000000000,0.213600000000
1594756987,9267.230000000000,0.234897000000
1594756986,9267.240000000000,0.356919370000
1594756986,9265.420000000000,0.179986480000
1594756985,9262.480000000000,0.011759000000
1594756984,9267.250000000000,0.078362000000
1594756984,9265.960000000000,0.400000000000
1594756976,9265.420000000000,0.360311000000
1594756973,9265.430000000000,0.366200000000
1594756970,9265.560000000000,0.056163170000
1594756970,9261.140000000000,0.016396100000
1594756942,9265.170000000000,0.020000000000
1594756928,9267.910000000000,0.038899240000
1594756928,9267.910000000000,0.736966080000
1594756925,9268.070000000000,0.014719720000
1594756921,9265.170000000000,0.005541930000
1594756921,9265.170000000000,0.002973450000
1594756916,9265.170000000000,0.007026550000
1594756909,9270.690000000000,0.020000000000
1594756908,9270.690000000000,0.006949080000
1594756908,9270.690000000000,0.020000000000
1594756908,9270.690000000000,0.004050920000
1594756908,9270.690000000000,0.018000000000
1594756905,9269.640000000000,0.010000000000
1594756905,9270.690000000000,0.089831130000
1594756905,9269.640000000000,0.010000000000
1594756904,9269.640000000000,0.010000000000
1594756904,9270.690000000000,0.000927160000
1594756904,9270.690000000000,0.011000000000
1594756904,9268.880000000000,0.010000000000
1594756904,9269.760000000000,0.366280050000
1594756904,9270.690000000000,0.147001580000
1594756904,9270.690000000000,0.000019910000
1594756904,9270.690000000000,0.022684200000
1594756904,9270.690000000000,0.020000000000
1594756904,9270.690000000000,0.087315800000
1594756902,9270.690000000000,0.150000000000
1594756901,9270.690000000000,0.020000000000
1594756901,9270.690000000000,0.254038300000
1594756901,9270.690000000000,0.755961700000
1594756900,9270.690000000000,0.356539530000
1594756900,9270.690000000000,0.009740520000
1594756899,9270.690000000000,0.010259480000
1594756899,9273.870000000000,0.006583000000
1594756883,9274.810000000000,0.110887240000
1594756883,9273.870000000000,0.010000000000
1594756883,9273.170000000000,0.331112760000
1594756882,9273.170000000000,0.012095570000
1594756876,9273.170000000000,0.377791670000
1594756876,9271.870000000000,0.003171720000
1594756876,9271.870000000000,0.071036610000
1594756851,9270.680000000000,0.005722450000
1594756850,9271.870000000000,0.023766170000
1594756850,9271.870000000000,0.010000000000
1594756844,9270.680000000000,0.007570660000
1594756828,9269.920000000000,0.550380130000
1594756828,9270.270000000000,0.022100000000
1594756828,9270.680000000000,0.020000000000
1594756818,9276.920000000000,0.075115400000
1594756818,9275.470000000000,0.005000000000
1594756818,9271.870000000000,0.010000000000
1594756817,9271.870000000000,0.010000000000
1594756815,9271.870000000000,0.010000000000
1594756815,9272.010000000000,0.010000000000
1594756814,9270.920000000000,0.010000000000
1594756814,9272.000000000000,0.364027590000
1594756814,9272.000000000000,0.210312720000
1594756814,9270.920000000000,0.010000000000
1594756814,9269.850000000000,0.006410610000
1594756814,9272.000000000000,0.211389130000
1594756814,9272.000000000000,0.243744600000
1594756814,9272.000000000000,0.658973260000
1594756814,9272.000000000000,0.253451250000
1594756814,9272.000000000000,0.229854340000
1594756814,9270.760000000000,0.000200000000
1594756812,9269.760000000000,0.005392930000
1594756808,9270.760000000000,0.009800000000
1594756805,9270.760000000000,0.010000000000
1594756794,9270.260000000000,0.351552780000
1594756794,9269.870000000000,0.010000000000
1594756784,9265.110000000000,0.080229140000
1594756784,9265.110000000000,0.008300000000
1594756784,9265.110000000000,0.020000000000
1594756721,9268.630000000000,0.009945650000
1594756721,9268.540000000000,0.537900000000
1594756721,9268.440000000000,0.140500420000
1594756699,9265.110000000000,0.005681840000
1594756677,9264.480000000000,0.000472450000
1594756677,9264.480000000000,0.019527550000
1594756677,9264.480000000000,0.003772450000
1594756659,9264.480000000000,0.006227550000
1594756642,9269.060000000000,0.174503480000
1594756642,9269.070000000000,0.396000000000
1594756639,9266.670000000000,0.016643840000
1594756639,9266.670000000000,0.016826260000
1594756639,9266.670000000000,0.009220340000
1594756639,9266.670000000000,0.047440450000
1594756639,9266.670000000000,0.009869110000
1594756639,9266.670000000000,0.020000000000
1594756622,9266.670000000000,0.125987180000
1594756622,9266.670000000000,0.020000000000
1594756622,9266.670000000000,0.334012820000
1594756599,9266.670000000000,0.658116660000
1594756599,9266.670000000000,0.020000000000
1594756593,9271.230000000000,0.025114990000
1594756592,9269.870000000000,0.010000000000
1594756588,9266.670000000000,0.678116670000
1594756586,9271.230000000000,0.001911700000
1594756586,9269.870000000000,0.010000000000
1594756577,9266.600000000000,0.678116660000
1594756564,9266.600000000000,0.678116670000
1594756553,9266.600000000000,0.006348090000
1594756552,9269.870000000000,0.171000000000
1594756552,9269.870000000000,0.010000000000
1594756549,9266.590000000000,0.678116660000
1594756542,9271.170000000000,0.034000000000
1594756542,9269.870000000000,0.010000000000
1594756539,9266.590000000000,0.010648700000
1594756532,9271.330000000000,0.271349820000
1594756532,9270.000000000000,0.192650180000
1594756532,9269.870000000000,0.010000000000
1594756532,9266.590000000000,0.040270570000
1594756481,9266.040000000000,0.070310130000
1594756481,9266.050000000000,2.000000000000
1594756481,9266.050000000000,0.020000000000
1594756481,9266.060000000000,0.588401170000
1594756481,9266.070000000000,0.381844260000
1594756464,9269.700000000000,0.342524560000
1594756417,9263.940000000000,0.004123730000
1594756410,9269.290000000000,0.002993310000
1594756408,9267.200000000000,0.000400000000
1594756408,9267.200000000000,0.019600000000
1594756401,9267.200000000000,0.011510320000
1594756401,9267.200000000000,0.018880660000
1594756401,9267.200000000000,0.048688150000
1594756401,9267.200000000000,0.016220870000
1594756401,9270.080000000000,0.075519870000
1594756401,9269.870000000000,0.010000000000
1594756400,9267.200000000000,0.003779130000
1594756398,9269.870000000000,0.010000000000
1594756378,9269.780000000000,0.427000000000
1594756378,9269.670000000000,0.020000000000
1594756342,9267.130000000000,0.018278690000
1594756341,9267.130000000000,0.931721310000
1594756340,9267.130000000000,0.005492940000
1594756336,9267.410000000000,0.009800000000
1594756329,9267.410000000000,0.010000000000
1594756326,9267.370000000000,0.010000000000
1594756322,9267.370000000000,0.010000000000
1594756321,9267.370000000000,0.010000000000
1594756320,9266.790000000000,0.007451590000
1594756315,9266.790000000000,0.074382900000
1594756315,9265.340000000000,0.287596210000
1594756315,9265.340000000000,0.075099850000
1594756315,9265.350000000000,0.167740670000
1594756315,9265.350000000000,0.255826910000
1594756315,9265.350000000000,0.365382530000
1594756315,9266.790000000000,0.002099780000
1594756315,9266.790000000000,0.017900220000
1594756315,9266.790000000000,0.771049890000
1594756315,9266.790000000000,0.788950110000
1594756314,9267.370000000000,0.010000000000
1594756313,9267.370000000000,0.010000000000
1594756312,9267.370000000000,0.010000000000
1594756310,9268.620000000000,0.515195220000
1594756310,9268.610000000000,0.078740640000
1594756310,9268.610000000000,0.236281380000
1594756310,9268.610000000000,0.262386090000
1594756310,9267.370000000000,0.010000000000
1594756304,9266.570000000000,0.010000000000
1594756304,9265.960000000000,0.003958330000
1594756304,9265.960000000000,2.000000000000
1594756302,9261.890000000000,0.000365060000
1594756300,9261.890000000000,0.010000000000
1594756297,9260.570000000000,0.005179640000
1594756259,9263.440000000000,1.012613960000
1594756259,9263.440000000000,0.020000000000
1594756259,9263.440000000000,0.017386040000
1594756249,9265.210000000000,0.004834950000
1594756238,9262.490000000000,0.000400000000
1594756238,9262.490000000000,0.009800000000
1594756238,9262.490000000000,0.009800000000
1594756236,9263.260000000000,0.545384430000
1594756236,9263.270000000000,0.020000000000
1594756236,9263.270000000000,0.757816470000
1594756236,9263.590000000000,0.010000000000
1594756235,9264.810000000000,0.020000000000
1594756231,9270.400000000000,0.009775210000
1594756231,9265.960000000000,0.000958330000
1594756230,9264.610000000000,0.183299340000
1594756221,9265.960000000000,0.003000000000
1594756220,9265.960000000000,0.996041670000
1594756220,9265.960000000000,0.003958330000
1594756217,9265.950000000000,0.005653370000
1594756207,9260.410000000000,0.000433720000
1594756206,9259.860000000000,0.005957290000
1594756203,9260.410000000000,0.006000000000
1594756202,9260.410000000000,0.100187890000
1594756202,9259.360000000000,0.009812110000
1594756202,9259.360000000000,0.010000000000
1594756201,9259.360000000000,0.010000000000
1594756201,9259.360000000000,0.010000000000
1594756198,9260.410000000000,0.290663690000
1594756198,9259.360000000000,0.002750130000
1594756192,9258.030000000000,0.006601310000
1594756189,9259.360000000000,0.007249870000
1594756185,9260.410000000000,0.602714700000
1594756185,9259.920000000000,0.000200000000
1594756177,9256.760000000000,0.006337330000
1594756162,9259.910000000000,0.868372270000
1594756162,9259.910000000000,0.020000000000
1594756162,9259.910000000000,0.530255340000
1594756161,9259.920000000000,0.009800000000
1594756152,9259.920000000000,0.010000000000
1594756151,9259.910000000000,0.010000000000
1594756151,9259.910000000000,0.010000000000
1594756151,9259.910000000000,0.010000000000
1594756151,9259.910000000000,0.010000000000
1594756150,9265.400000000000,0.001128550000
1594756150,9265.000000000000,0.005407970000
1594756150,9259.910000000000,0.010000000000
1594756150,9260.210000000000,0.010000000000
1594756143,9259.890000000000,0.010000000000
1594756143,9259.890000000000,0.010000000000
1594756143,9259.880000000000,0.010000000000
1594756143,9259.650000000000,0.010000000000
1594756143,9259.640000000000,0.010000000000
1594756142,9260.030000000000,0.010000000000
1594756142,9259.640000000000,0.010000000000
1594756142,9265.000000000000,0.000744220000
1594756142,9260.480000000000,0.010000000000
1594756141,9260.470000000000,0.010000000000
1594756141,9259.640000000000,0.010000000000
1594756141,9259.630000000000,0.010000000000
1594756141,9259.630000000000,0.010000000000
1594756141,9259.630000000000,0.010000000000
1594756140,9260.760000000000,0.010000000000
1594756140,9259.630000000000,0.010000000000
1594756139,9259.630000000000,0.010000000000
1594756138,9259.630000000000,0.010000000000
1594756137,9259.620000000000,0.010000000000
1594756137,9259.620000000000,0.010000000000
1594756137,9259.620000000000,0.010000000000
1594756137,9259.610000000000,0.010000000000
1594756137,9259.610000000000,0.010000000000
1594756137,9259.600000000000,0.010000000000
1594756136,9259.510000000000,0.010000000000
1594756136,9259.360000000000,0.010000000000
1594756136,9259.360000000000,0.001070700000
1594756136,9259.360000000000,0.160228910000
1594756136,9259.360000000000,0.000771090000
1594756125,9258.980000000000,0.005039350000
1594756085,9258.130000000000,0.316907220000
1594756085,9258.130000000000,0.220992780000
1594756071,9255.130000000000,0.022804500000
1594756071,9255.130000000000,0.043195500000
1594756071,9256.750000000000,0.004747960000
1594756071,9256.750000000000,0.835856540000
1594756070,9256.780000000000,0.543092120000
1594756070,9257.110000000000,0.012731470000
1594756070,9257.100000000000,0.537800000000
1594756070,9256.870000000000,0.301046210000
1594756070,9257.100000000000,0.537800000000
1594756070,9257.890000000000,0.020000000000
1594756070,9257.890000000000,0.399478750000
1594756067,9259.360000000000,0.005000000000
1594756062,9259.360000000000,0.004228910000
1594756056,9256.670000000000,0.006197600000
1594756053,9260.060000000000,0.080998010000
1594756053,9259.880000000000,0.539400000000
1594756053,9259.420000000000,0.537900000000
1594756053,9259.360000000000,0.010000000000
1594756049,9259.330000000000,0.010033280000
1594756013,9259.330000000000,0.010364850000
1594755990,9256.660000000000,0.010871430000
1594755990,9256.660000000000,0.067828570000
1594755990,9256.660000000000,0.118700000000
1594755988,9256.660000000000,0.005115480000
1594755968,9256.660000000000,0.830900000000
1594755968,9256.660000000000,0.020000000000
1594755959,9259.360000000000,0.047165830000
1594755958,9259.360000000000,0.010000000000
1594755936,9256.660000000000,0.005708590000
1594755886,9259.360000000000,0.173014120000
1594755867,9259.360000000000,0.004326460000
1594755831,9255.030000000000,0.006752930000
1594755818,9258.980000000000,0.018757860000
1594755818,9258.760000000000,0.010000000000
1594755818,9258.000000000000,0.010000000000
1594755818,9256.590000000000,0.014980000000
1594755816,9255.030000000000,0.005518960000
1594755769,9255.020000000000,0.002800000000
1594755696,9255.010000000000,0.005439120000
1594755639,9254.440000000000,0.243956470000
1594755639,9254.440000000000,0.736231070000
1594755639,9254.450000000000,0.378210410000
1594755639,9254.990000000000,0.011557670000
1594755639,9254.990000000000,0.076434820000
1594755639,9254.990000000000,0.133760940000
1594755639,9254.990000000000,0.020000000000
1594755619,9254.980000000000,0.006782310000
1594755605,9254.970000000000,0.120000000000
1594755601,9254.930000000000,0.005683390000
1594755600,9256.070000000000,0.936326530000
1594755600,9256.070000000000,0.003000000000
1594755599,9256.070000000000,0.020000000000
1594755580,9259.360000000000,0.002800000000
1594755575,9256.060000000000,0.005998000000
1594755562,9259.360000000000,0.002978470000
1594755549,9259.360000000000,0.007481300000
1594755549,9259.360000000000,0.001876290000
1594755549,9259.360000000000,0.010000000000
1594755533,9260.000000000000,3.979981360000
1594755533,9260.000000000000,1.006857930000
1594755533,9260.000000000000,0.010000000000
1594755533,9260.000000000000,1.106160710000
1594755532,9259.260000000000,0.010000000000
1594755522,9255.920000000000,0.005766900000
1594755509,9255.900000000000,0.013032530000
1594755464,9255.590000000000,0.006621280000
1594755463,9255.590000000000,0.005998880000
1594755458,9258.570000000000,0.045178920000
1594755456,9260.280000000000,0.134129450000
1594755456,9259.260000000000,0.010000000000
1594755456,9259.190000000000,0.300000000000
1594755455,9255.570000000000,0.007105790000
1594755454,9255.570000000000,0.449370350000
1594755454,9255.580000000000,0.020000000000
1594755454,9255.580000000000,0.596582470000
1594755454,9255.590000000000,0.073018510000
1594755451,9255.600000000000,0.557063990000
1594755451,9255.610000000000,0.372059100000
1594755451,9256.030000000000,0.020000000000
1594755447,9258.570000000000,0.130000000000
1594755443,9258.570000000000,0.020000000000
1594755442,9256.010000000000,0.557930060000
1594755442,9256.020000000000,0.557053560000
1594755442,9256.030000000000,0.020000000000
1594755442,9256.030000000000,0.395755140000
1594755439,9258.570000000000,0.020000000000
1594755431,9258.570000000000,0.020000000000
1594755431,9258.570000000000,0.154837000000
1594755427,9258.570000000000,0.010000000000
1594755422,9258.560000000000,0.010000000000
1594755421,9258.540000000000,0.010000000000
1594755421,9258.340000000000,0.010000000000
1594755420,9258.060000000000,0.010000000000
1594755419,9258.060000000000,0.010000000000
1594755419,9258.060000000000,0.010000000000
1594755418,9259.980000000000,0.134822270000
1594755418,9259.880000000000,0.330857210000
1594755418,9259.880000000000,0.208542790000
1594755418,9259.610000000000,0.345823850000
1594755418,9258.060000000000,0.010000000000
1594755410,9259.610000000000,0.014869230000
1594755410,9259.600000000000,0.512425690000
1594755410,9258.060000000000,0.010000000000
1594755404,9259.490000000000,0.317322070000
1594755404,9258.060000000000,0.154198600000
1594755404,9258.060000000000,0.010000000000
1594755382,9259.110000000000,0.101018620000
1594755382,9258.850000000000,0.324014320000
1594755382,9258.360000000000,0.006967060000
1594755371,9258.360000000000,0.003032940000
1594755335,9259.570000000000,0.231699310000
1594755335,9259.090000000000,0.300000000000
1594755335,9258.360000000000,0.005612440000
1594755334,9253.480000000000,0.006986030000
1594755321,9258.360000000000,0.004387560000
1594755320,9259.600000000000,0.033742990000
1594755320,9258.160000000000,0.010000000000
1594755317,9258.150000000000,0.000400000000
1594755317,9258.050000000000,0.539600000000
1594755296,9258.150000000000,1.115840630000
1594755293,9258.050000000000,0.105880770000
1594755293,9258.050000000000,0.237534020000
1594755285,9253.280000000000,0.650359010000
1594755285,9253.290000000000,0.365767060000
1594755285,9253.930000000000,0.020000000000
1594755275,9259.330000000000,0.230000000000
1594755275,9258.890000000000,0.300000000000
1594755275,9258.160000000000,0.010000000000
1594755273,9258.200000000000,0.010725000000
1594755273,9258.200000000000,0.450210010000
1594755273,9258.040000000000,0.086567680000
1594755273,9258.040000000000,0.000595000000
1594755271,9258.040000000000,0.009405000000
1594755226,9257.470000000000,0.056321000000
1594755218,9257.470000000000,0.540000000000
1594755214,9253.930000000000,0.007115770000
1594755196,9258.010000000000,0.011134140000
1594755181,9253.930000000000,0.006018860000
1594755170,9257.720000000000,0.066800420000
1594755143,9258.030000000000,0.530000000000
1594755143,9257.990000000000,0.010000000000
1594755110,9257.510000000000,0.074695260000
1594755102,9253.930000000000,0.007091130000
1594755099,9257.950000000000,0.003500000000
1594755094,9253.900000000000,0.005998000000
1594755077,9253.610000000000,0.002845180000
1594755074,9259.770000000000,0.096851400000
1594755074,9259.180000000000,0.538200000000
1594755074,9259.160000000000,0.324003470000
1594755074,9256.760000000000,0.010000000000
1594755062,9253.290000000000,0.014414270000
1594755056,9253.090000000000,0.046714010000
1594755044,9257.610000000000,0.530000000000
1594755044,9256.760000000000,0.010000000000
1594755040,9257.670000000000,0.064618220000
1594755040,9256.760000000000,0.010000000000
1594755039,9257.670000000000,0.005153880000
1594755039,9256.760000000000,0.010000000000
1594755038,9257.670000000000,0.152111100000
1594755038,9256.760000000000,0.010000000000
1594755038,9257.670000000000,0.085236590000
1594755038,9256.760000000000,0.002522700000
1594755036,9256.760000000000,0.007477300000
1594755036,9257.670000000000,0.001859850000
1594755036,9256.760000000000,0.010000000000
1594755030,9257.670000000000,0.011726250000
1594755030,9256.550000000000,0.010000000000
1594755027,9257.420000000000,0.504944440000
1594755027,9256.670000000000,0.010000000000
1594755027,9254.850000000000,0.080385560000
1594755027,9254.850000000000,0.116387000000
1594755026,9254.850000000000,0.573429000000
1594755025,9254.850000000000,0.548639000000
1594754995,9250.850000000000,0.005996900000
1594754993,9255.650000000000,0.051882190000
1594754993,9255.360000000000,0.010000000000
1594754993,9255.350000000000,0.178117810000
1594754993,9255.350000000000,0.300000000000
1594754977,9252.800000000000,0.570357120000
1594754977,9254.750000000000,0.020000000000
1594754976,9255.360000000000,0.010000000000
1594754975,9255.360000000000,0.010000000000
1594754974,9254.730000000000,0.005169660000
1594754974,9259.840000000000,0.206001080000
1594754974,9259.290000000000,0.323998920000
1594754974,9255.360000000000,0.010000000000
1594754973,9255.360000000000,0.010000000000
1594754972,9255.360000000000,0.010000000000
1594754971,9257.320000000000,0.474833820000
1594754971,9257.320000000000,0.463511640000
1594754971,9255.960000000000,0.002863020000
1594754971,9255.060000000000,0.010000000000
1594754910,9255.460000000000,0.530000000000
1594754910,9255.460000000000,0.010000000000
1594754870,9254.850000000000,0.596833000000
1594754854,9250.350000000000,0.006177650000
1594754848,9255.900000000000,0.012140900000
1594754848,9255.460000000000,0.010000000000
1594754840,9255.560000000000,0.073801810000
1594754840,9255.460000000000,0.010000000000
1594754840,9255.360000000000,0.156904840000
1594754836,9255.560000000000,0.138824830000
1594754836,9255.530000000000,0.391175170000
1594754836,9255.360000000000,0.010000000000
1594754818,9255.060000000000,0.067821000000
1594754804,9249.250000000000,0.005181940000
1594754796,9249.190000000000,0.005351070000
1594754793,9254.780000000000,0.365835740000
1594754793,9248.930000000000,0.006897770000
1594754792,9254.780000000000,0.125427080000
1594754792,9254.670000000000,0.040000000000
1594754792,9254.670000000000,0.374572920000
1594754777,9253.970000000000,0.294149000000
1594754764,9248.590000000000,0.340857100000
1594754764,9248.600000000000,0.384780900000
1594754752,9248.470000000000,0.040500000000
1594754747,9253.980000000000,0.258814000000
1594754747,9253.980000000000,0.015840530000
1594754747,9253.980000000000,0.185978470000
1594754745,9253.980000000000,0.540000000000
1594754733,9248.230000000000,0.007335330000
1594754731,9248.210000000000,0.082995850000
1594754693,9254.370000000000,0.540000000000
1594754670,9248.850000000000,0.246000000000
1594754613,9248.340000000000,0.005099800000
1594754596,9247.590000000000,0.027030000000
1594754590,9252.600000000000,0.339033730000
1594754590,9252.060000000000,0.010000000000
1594754590,9252.000000000000,0.005000000000
1594754590,9251.710000000000,0.185966270000
1594754564,9251.710000000000,0.009524470000
1594754543,9251.930000000000,0.074202180000
1594754543,9251.420000000000,0.010000000000
1594754515,9245.670000000000,0.094551510000
1594754505,9251.390000000000,0.157195920000
1594754505,9251.380000000000,0.382804080000
1594754493,9246.230000000000,0.005489020000
1594754465,9244.570000000000,0.005683590000
1594754437,9247.580000000000,0.003000000000
1594754436,9243.330000000000,0.569605680000
1594754436,9243.330000000000,0.777245680000
1594754430,9243.160000000000,0.000119490000
1594754430,9244.540000000000,0.006616930000
1594754428,9244.570000000000,0.398119780000
1594754428,9244.570000000000,0.551547840000
1594754428,9244.460000000000,0.011793280000
1594754428,9244.460000000000,2.000000000000
1594754428,9244.570000000000,0.789010460000
1594754428,9244.570000000000,0.567849070000
1594754427,9250.730000000000,0.234845000000
1594754422,9249.980000000000,0.001800000000
1594754422,9249.980000000000,0.538200000000
1594754403,9245.060000000000,0.005189620000
1594754391,9250.230000000000,0.020149000000
1594754386,9244.610000000000,0.000194980000
1594754386,9245.060000000000,0.004980040000
1594754384,9250.230000000000,1.724595910000
1594754373,9245.060000000000,0.005019960000
1594754366,9249.540000000000,0.001000000000
1594754366,9249.440000000000,0.539000000000
1594754351,9246.320000000000,0.070179470000
1594754351,9246.330000000000,0.393336360000
1594754351,9246.330000000000,0.132384540000
1594754351,9246.330000000000,0.595000000000
1594754332,9251.590000000000,0.540000000000
1594754313,9251.580000000000,0.030661580000
1594754313,9251.480000000000,0.509338420000
1594754306,9251.480000000000,0.030161580000
1594754305,9251.480000000000,0.088476000000
1594754305,9251.480000000000,0.071072850000
1594754268,9251.650000000000,0.006017800000
1594754217,9245.610000000000,0.005844320000
1594754133,9246.990000000000,0.005868260000
1594754130,9252.180000000000,0.474526500000
1594754090,9248.090000000000,0.005873540000
1594754070,9248.070000000000,0.005076060000
1594754068,9248.070000000000,0.006938620000
1594754067,9252.270000000000,0.204537000000
1594754032,9253.000000000000,0.100000000000
1594754026,9253.000000000000,0.003000000000
1594754012,9248.700000000000,0.010598810000
1594754009,9253.420000000000,0.312986280000
1594754009,9253.390000000000,0.539500000000
1594754009,9253.360000000000,0.010000000000
1594754009,9252.960000000000,0.655660340000
1594754004,9248.670000000000,0.036610520000
1594754004,9248.670000000000,0.003000000000
1594754004,9248.670000000000,0.360389480000
1594753971,9252.950000000000,0.006547960000
1594753875,9248.530000000000,0.003178030000
1594753834,9252.960000000000,0.251810370000
1594753833,9251.910000000000,0.010000000000
1594753807,9252.960000000000,2.592529290000
1594753807,9252.830000000000,2.410804600000
1594753807,9252.730000000000,0.540000000000
1594753807,9252.390000000000,0.323000000000
1594753807,9252.290000000000,0.550773460000
1594753807,9252.210000000000,0.300000000000
1594753807,9251.940000000000,0.599560920000
1594753807,9251.920000000000,0.361694690000
1594753807,9251.680000000000,0.771637040000
1594753807,9251.050000000000,0.540000000000
1594753807,9250.590000000000,0.010000000000
1594753795,9249.950000000000,0.540000000000
1594753783,9244.490000000000,0.002154520000
1594753783,9246.870000000000,0.019489270000
1594753778,9246.870000000000,0.006042880000
1594753771,9246.760000000000,0.006786420000
1594753763,9246.690000000000,0.005187470000
1594753745,9250.470000000000,0.540000000000
1594753721,9250.460000000000,0.291618030000
1594753704,9243.010000000000,0.006713700000
1594753679,9248.980000000000,0.540000000000
1594753650,9243.990000000000,0.005768470000
1594753630,9248.980000000000,0.540000000000
1594753616,9248.860000000000,0.359317580000
1594753613,9248.160000000000,0.041455800000
1594753613,9248.160000000000,0.324388850000
1594753603,9248.150000000000,0.160793270000
1594753603,9248.140000000000,0.379206730000
1594753565,9242.880000000000,0.003350000000
1594753561,9242.570000000000,0.108748250000
1594753546,9247.730000000000,0.540000000000
1594753530,9242.910000000000,0.006736520000
1594753515,9243.900000000000,0.500000000000
1594753514,9249.100000000000,0.004325770000
1594753484,9244.030000000000,0.242313650000
1594753479,9249.580000000000,0.232668840000
1594753479,9248.660000000000,0.010000000000
1594753467,9243.500000000000,0.005183570000
1594753456,9247.540000000000,0.038618000000
1594753445,9249.020000000000,0.540000000000
1594753428,9242.450000000000,0.005519000000
1594753419,9243.810000000000,0.251519670000
1594753419,9243.810000000000,0.203072270000
1594753419,9243.810000000000,0.019180980000
1594753419,9243.810000000000,0.181224050000
1594753419,9243.810000000000,0.580830720000
1594753410,9244.730000000000,0.006866270000
1594753347,9252.810000000000,0.051079610000
1594753342,9247.940000000000,0.006834170000
1594753327,9247.700000000000,0.005430770000
1594753317,9252.830000000000,0.540000000000
1594753290,9247.820000000000,0.006017960000
1594753248,9252.360000000000,0.066032900000
1594753235,9250.000000000000,0.002615770000
1594753235,9250.000000000000,0.016884230000
1594753216,9252.830000000000,0.009195400000
1594753205,9252.830000000000,0.540000000000
1594753192,9250.000000000000,0.976000000000
1594753170,9250.000000000000,0.007115770000
1594753159,9247.280000000000,0.007834910000
1594753115,9248.090000000000,0.005658490000
1594753114,9252.730000000000,0.170950500000
1594753114,9252.550000000000,0.010000000000
1594753062,9245.020000000000,0.013840050000
1594753062,9245.140000000000,0.010000000000
1594753050,9247.030000000000,0.007365270000
1594753047,9247.030000000000,0.005237580000
1594753010,9245.790000000000,0.125286200000
1594752990,9250.530000000000,0.540000000000
1594752979,9245.380000000000,0.006574990000
1594752978,9250.180000000000,0.012101380000
1594752976,9250.040000000000,0.361052000000
1594752974,9250.050000000000,0.277059670000
1594752965,9250.180000000000,0.050000000000
1594752963,9250.170000000000,0.009123000000
1594752959,9245.140000000000,0.006501210000
1594752959,9245.140000000000,0.000051490000
1594752945,9249.820000000000,0.236018000000
1594752934,9250.260000000000,0.090968330000
1594752933,9245.140000000000,0.004200000000
1594752930,9245.140000000000,0.005748510000
1594752906,9246.930000000000,0.010047000000
1594752905,9246.930000000000,0.262500000000
1594752905,9246.930000000000,0.262500000000
1594752905,9246.930000000000,0.262500000000
1594752893,9251.120000000000,0.003062830000
1594752876,9251.340000000000,0.025133680000
1594752861,9246.970000000000,0.005225690000
1594752853,9252.330000000000,0.095713440000
1594752853,9251.720000000000,0.040000000000
1594752853,9250.720000000000,0.118346270000
1594752819,9252.440000000000,0.018829570000
1594752809,9247.380000000000,0.007325340000
1594752800,9248.190000000000,0.619128300000
1594752800,9248.200000000000,0.379308970000
1594752781,9248.080000000000,0.005470250000
1594752766,9252.890000000000,0.723269840000
1594752766,9252.620000000000,0.040000000000
1594752766,9252.620000000000,0.036730160000
1594752766,9252.620000000000,0.025576800000
1594752766,9252.610000000000,0.005247310000
1594752766,9252.610000000000,0.011470350000
1594752765,9247.320000000000,0.095114060000
1594752765,9249.860000000000,0.001100000000
1594752750,9249.860000000000,0.055300000000
1594752714,9252.810000000000,0.018985420000
1594752714,9252.810000000000,0.067980550000
1594752689,9247.200000000000,0.006387230000
1594752677,9252.590000000000,0.100000000000
1594752652,9247.060000000000,0.010000000000
1594752652,9247.030000000000,0.010000000000
1594752651,9247.030000000000,0.010000000000
1594752650,9247.020000000000,0.010000000000
1594752650,9247.020000000000,0.010000000000
1594752646,9250.000000000000,0.050000000000
1594752616,9250.560000000000,0.006835570000
1594752607,9256.240000000000,0.122546510000
1594752586,9248.540000000000,0.016231620000
1594752584,9253.770000000000,0.151321970000
1594752584,9253.760000000000,0.366940700000
1594752572,9249.640000000000,0.005000000000
1594752570,9249.640000000000,0.003000000000
1594752568,9249.640000000000,0.006007980000
1594752562,9251.850000000000,0.007000000000
1594752561,9250.090000000000,0.007000000000
1594752560,9251.850000000000,0.011000000000
1594752559,9249.640000000000,0.010000000000
1594752558,9250.000000000000,0.100036500000
1594752558,9250.110000000000,0.381919360000
1594752558,9251.850000000000,0.010000000000
1594752558,9253.220000000000,0.000564240000
1594752558,9253.220000000000,0.047000000000
1594752553,9254.920000000000,0.599224000000
1594752544,9250.030000000000,0.009256880000
1594752544,9250.180000000000,0.010000000000
1594752542,9253.220000000000,0.089000000000
1594752505,9253.240000000000,0.008110000000
1594752500,9253.240000000000,0.107919000000
1594752500,9253.220000000000,0.100891450000
1594752500,9253.220000000000,0.007027200000
1594752448,9252.870000000000,0.006726550000
1594752446,9253.800000000000,0.038200000000
1594752445,9252.870000000000,0.069900000000
1594752445,9252.870000000000,0.010000000000
1594752443,9253.840000000000,0.110000000000
1594752440,9253.800000000000,0.439008420000
1594752440,9253.820000000000,0.188866930000
1594752440,9253.820000000000,0.005578100000
1594752392,9254.570000000000,0.005288060000
1594752383,9259.630000000000,0.045234270000
1594752328,9254.020000000000,0.006437130000
1594752308,9254.810000000000,0.023750950000
1594752301,9250.120000000000,0.010000000000
1594752260,9250.000000000000,4.894881790000
1594752260,9250.240000000000,0.004918210000
1594752253,9250.240000000000,0.005081790000
1594752252,9250.000000000000,0.005081710000
1594752252,9251.370000000000,0.002213580000
1594752246,9251.370000000000,0.007786420000
1594752246,9252.000000000000,0.099913580000
1594752229,9252.000000000000,4.893300000000
1594752210,9255.760000000000,0.085413630000
1594752208,9252.000000000000,0.006786420000
1594752201,9253.000000000000,0.002950450000
1594752201,9253.000000000000,0.000249550000
1594752200,9253.000000000000,0.160500000000
1594752183,9256.600000000000,0.099426050000
1594752153,9253.000000000000,8.024300000000
1594752146,9256.000000000000,0.054478620000
1594752146,9256.000000000000,0.040421350000
1594752139,9256.000000000000,0.004287580000
1594752089,9253.000000000000,1.814950450000
1594752089,9253.130000000000,0.003792410000
1594752088,9253.130000000000,0.006207590000
1594752087,9253.510000000000,0.012400000000
1594752058,9254.510000000000,0.010000000000
1594752058,9254.530000000000,1.073723380000
1594752058,9254.530000000000,2.376276620000
1594752058,9254.540000000000,0.757482380000
1594752058,9254.700000000000,0.557903760000
1594752058,9254.720000000000,0.200821420000
1594752058,9254.720000000000,0.362704690000
1594752014,9255.800000000000,0.006331200000
1594751997,9260.820000000000,0.002685500000
1594751995,9255.800000000000,0.127142880000
1594751992,9255.790000000000,0.003524490000
1594751989,9259.330000000000,0.318041020000
1594751989,9257.020000000000,0.135958980000
1594751983,9257.020000000000,0.454000000000
1594751980,9257.020000000000,0.544697810000
1594751980,9257.030000000000,0.185050730000
1594751980,9257.030000000000,0.589958980000
1594751977,9257.000000000000,0.006454850000
1594751968,9256.880000000000,0.005538920000
1594751925,9260.800000000000,0.079325230000
1594751914,9258.960000000000,0.003187000000
1594751914,9258.960000000000,0.010000000000
1594751905,9258.950000000000,0.041496060000
1594751902,9258.960000000000,0.010000000000
1594751899,9260.800000000000,0.083441230000
1594751899,9260.410000000000,0.002916670000
1594751899,9258.960000000000,0.004253860000
1594751895,9258.960000000000,0.003060100000
1594751893,9258.960000000000,0.002686040000
1594751888,9255.740000000000,0.006518140000
1594751878,9260.800000000000,0.020140600000
1594751878,9258.960000000000,0.010000000000
1594751872,9260.800000000000,0.001256940000
1594751872,9258.960000000000,0.010000000000
1594751871,9260.800000000000,0.110534700000
1594751871,9258.960000000000,0.010000000000
1594751867,9260.790000000000,0.193233000000
1594751867,9258.960000000000,0.010000000000
1594751865,9260.410000000000,0.225168000000
1594751865,9258.960000000000,0.010000000000
1594751846,9255.240000000000,0.006766470000
1594751836,9255.120000000000,0.005801690000
1594751835,9260.410000000000,0.118797780000
1594751835,9258.960000000000,0.010000000000
1594751834,9260.340000000000,0.111034000000
1594751834,9258.960000000000,0.010000000000
1594751834,9258.950000000000,0.247300000000
1594751826,9258.950000000000,0.056242870000
1594751824,9254.480000000000,0.034700000000
1594751816,9260.360000000000,0.149988450000
1594751816,9258.960000000000,0.010000000000
1594751816,9258.950000000000,0.202208550000
1594751814,9258.950000000000,0.016000000000
1594751794,9260.000000000000,0.321762150000
1594751794,9258.560000000000,0.010000000000
1594751794,9258.550000000000,0.154762240000
1594751794,9258.550000000000,0.510875610000
1594751771,9258.550000000000,0.029000000000
1594751765,9258.110000000000,0.042000000000
1594751745,9253.340000000000,0.033510000000
1594751734,9250.110000000000,0.010000000000
1594751733,9250.110000000000,0.010000000000
1594751732,9250.120000000000,0.010000000000
1594751730,9250.120000000000,0.010000000000
1594751730,9250.350000000000,0.000103790000
1594751726,9250.350000000000,0.003000000000
1594751726,9250.350000000000,0.006896210000
1594751721,9254.750000000000,0.051822030000
1594751700,9252.080000000000,0.021944080000
1594751696,9256.320000000000,0.116055750000
1594751696,9256.320000000000,0.009026980000
1594751687,9259.050000000000,0.889060700000
1594751684,9259.050000000000,0.022931670000
1594751652,9255.190000000000,0.005040840000
1594751606,9252.810000000000,0.006776440000
1594751585,9257.760000000000,1.009283750000
1594751585,9257.750000000000,0.323000000000
1594751575,9256.820000000000,0.064335660000
1594751527,9251.860000000000,0.006711970000
1594751510,9256.570000000000,0.267660700000
1594751501,9251.290000000000,0.005120890000
1594751485,9252.460000000000,0.005439120000
1594751406,9254.850000000000,0.736548660000
1594751406,9254.840000000000,0.140900950000
1594751405,9252.130000000000,0.012969580000
1594751374,9250.270000000000,0.486346380000
1594751374,9251.070000000000,0.005070000000
1594751374,9251.070000000000,0.008583620000
1594751365,9251.070000000000,0.005109790000
1594751323,9256.530000000000,0.243895800000
1594751323,9254.860000000000,0.010000000000
1594751314,9254.850000000000,0.000006060000
1594751314,9254.850000000000,1.940490000000
1594751295,9253.690000000000,0.022351080000
1594751295,9253.020000000000,0.086004080000
1594751293,9247.930000000000,0.003208640000
1594751260,9248.260000000000,0.086849640000
1594751245,9248.110000000000,0.007285420000
1594751229,9247.920000000000,0.005361210000
1594751179,9248.930000000000,0.090000000000
1594751179,9249.250000000000,0.010000000000
1594751171,9254.400000000000,0.002866370000
1594751166,9252.810000000000,0.006670610000
1594751150,9256.740000000000,0.053745700000
1594751150,9256.540000000000,0.205987200000
1594751150,9254.860000000000,0.010000000000
1594751145,9256.540000000000,0.009244800000
1594751145,9254.860000000000,0.010000000000
1594751141,9252.810000000000,0.006651800000
1594751125,9250.770000000000,0.005628750000
1594751088,9254.270000000000,0.021503580000
1594751050,9248.100000000000,0.055515260000
1594751048,9248.070000000000,0.005400410000
1594751046,9254.600000000000,0.603082110000
1594751046,9254.590000000000,0.362318200000
1594751046,9254.590000000000,0.599548220000
1594751046,9253.370000000000,0.538200000000
1594751046,9253.370000000000,0.046190000000
1594751017,9253.100000000000,0.003034340000
1594751014,9247.540000000000,0.037646250000
1594751004,9247.520000000000,0.006766460000
1594751002,9253.370000000000,0.046198300000
1594750976,9252.920000000000,1.906506270000
1594750950,9254.830000000000,0.512164120000
1594750950,9254.100000000000,0.004286010000
1594750950,9254.100000000000,0.072602740000
1594750950,9254.100000000000,0.010000000000
1594750918,9249.490000000000,0.041982380000
1594750918,9249.680000000000,0.040000000000
1594750907,9254.790000000000,0.087520010000
1594750907,9254.230000000000,0.162049830000
1594750907,9254.100000000000,0.010000000000
1594750904,9254.230000000000,0.226232940000
1594750904,9253.860000000000,0.010000000000
1594750900,9248.810000000000,0.011291130000
1594750889,9252.260000000000,0.010000000000
1594750884,9248.710000000000,0.007025950000
1594750874,9248.500000000000,0.070065120000
1594750861,9248.170000000000,0.009539650000
1594750834,9252.210000000000,0.368549820000
1594750832,9251.510000000000,0.011640920000
1594750831,9245.980000000000,0.046992530000
1594750831,9246.000000000000,0.040000000000
1594750831,9246.000000000000,0.569265820000
1594750831,9246.010000000000,0.040000000000
1594750831,9246.020000000000,0.040000000000
1594750831,9246.020000000000,0.398218230000
1594750831,9251.490000000000,0.014302760000
1594750826,9245.980000000000,0.005325060000
1594750805,9251.510000000000,0.171658700000
1594750804,9242.630000000000,0.006002600000
1594750791,9242.090000000000,0.010400000000
1594750784,9248.190000000000,0.071229930000
1594750784,9241.990000000000,0.032307140000
1594750780,9248.190000000000,0.087413190000
1594750770,9248.340000000000,0.396529760000
1594750770,9248.330000000000,0.553422930000
1594750764,9245.340000000000,0.007378560000
1594750739,9253.440000000000,0.008664250000
1594750730,9248.000000000000,0.005886560000
1594750701,9252.880000000000,0.302172060000
1594750701,9252.870000000000,0.908753520000
1594750701,9252.860000000000,0.380788210000
1594750672,9253.850000000000,0.028148680000
1594750663,9247.960000000000,0.004095500000
1594750644,9247.240000000000,0.002044390000
1594750644,9248.140000000000,0.004599010000
1594750621,9248.140000000000,0.005400990000
1594750609,9252.760000000000,0.206952620000
1594750600,9253.150000000000,0.056493130000
1594750570,9254.840000000000,0.132720020000
1594750568,9252.820000000000,0.000001670000
1594750568,9252.820000000000,0.365850000000
1594750563,9252.820000000000,0.108225000000
1594750524,9252.820000000000,0.007245510000
1594750520,9252.820000000000,0.018133230000
1594750520,9254.260000000000,0.001866910000
1594750517,9254.260000000000,0.003403000000
1594750516,9254.260000000000,0.006597000000
1594750498,9248.990000000000,0.052000010000
1594750474,9253.440000000000,0.086794720000
1594750470,9247.880000000000,0.038040000000
1594750470,9251.710000000000,0.004430720000
1594750464,9251.710000000000,0.980000000000
1594750449,9251.710000000000,0.015569280000
1594750443,9249.390000000000,0.005209570000
1594750427,9246.870000000000,0.005526570000
1594750403,9246.250000000000,0.005598800000
1594750386,9247.190000000000,0.271882790000
1594750380,9252.770000000000,0.110580560000
1594750350,9253.760000000000,0.052671420000
1594750350,9251.560000000000,0.020000000000
1594750326,9246.110000000000,0.005585260000
1594750316,9251.590000000000,0.488829700000
1594750315,9245.970000000000,0.173019750000
1594750314,9251.590000000000,0.362544000000
1594750311,9251.590000000000,0.167189000000
1594750311,9250.760000000000,0.015000000000
1594750311,9249.520000000000,0.020000000000
1594750283,9245.760000000000,0.006926150000
1594750210,9251.590000000000,0.031254490000
1594750210,9248.160000000000,0.020000000000
1594750210,9248.160000000000,0.010000000000
1594750206,9248.160000000000,0.019400000000
1594750206,9248.160000000000,0.010000000000
1594750202,9244.580000000000,0.006554360000
1594750201,9251.170000000000,0.046215020000
1594750201,9248.160000000000,0.020000000000
1594750201,9248.160000000000,0.010000000000
1594750185,9251.170000000000,0.020000000000
1594750185,9248.260000000000,0.010000000000
1594750185,9246.270000000000,0.020000000000
1594750175,9243.880000000000,0.205760430000
1594750172,9246.270000000000,0.010222500000
1594750163,9242.250000000000,0.007075850000
1594750082,9240.920000000000,0.150000000000
1594750046,9246.490000000000,0.004334520000
1594750043,9240.890000000000,0.006427140000
1594750035,9240.860000000000,0.006663960000
1594750035,9240.860000000000,0.097138880000
1594750018,9240.720000000000,0.004990230000
1594749999,9249.310000000000,0.647898400000
1594749999,9246.560000000000,0.020000000000
1594749999,9246.560000000000,0.010000000000
1594749996,9245.540000000000,0.020000000000
1594749988,9245.540000000000,0.678165900000
1594749978,9245.980000000000,0.215063810000
1594749978,9245.970000000000,0.362219490000
1594749978,9244.210000000000,0.080870030000
1594749978,9244.210000000000,0.020000000000
1594749963,9244.840000000000,0.178241050000
1594749963,9244.400000000000,0.500000000000
1594749951,9237.500000000000,0.136374150000
1594749951,9237.730000000000,0.662580600000
1594749951,9238.170000000000,0.538600000000
1594749951,9238.210000000000,0.004166660000
1594749951,9239.240000000000,0.010000000000
1594749951,9240.280000000000,2.000000000000
1594749951,9240.290000000000,0.571911430000
1594749951,9240.330000000000,2.000000000000
1594749951,9240.340000000000,0.372724900000
1594749951,9240.340000000000,0.542073510000
1594749951,9240.340000000000,1.015029950000
1594749951,9240.470000000000,2.000000000000
1594749951,9246.120000000000,0.077253450000
1594749951,9246.110000000000,0.020000000000
1594749951,9246.100000000000,0.580871190000
1594749948,9245.000000000000,2.737369930000
1594749948,9245.000000000000,0.382313200000
1594749943,9249.770000000000,0.212731770000
1594749943,9249.770000000000,0.393209950000
1594749943,9248.540000000000,0.010000000000
1594749943,9246.150000000000,0.020000000000
1594749930,9245.000000000000,0.071726280000
1594749923,9242.610000000000,0.007225550000
1594749917,9246.150000000000,0.004234940000
1594749900,9241.340000000000,0.172484710000
1594749900,9241.340000000000,0.010000000000
1594749897,9243.760000000000,0.003333330000
1594749888,9246.570000000000,0.233597360000
1594749884,9252.160000000000,0.414457020000
1594749884,9250.620000000000,0.010000000000
1594749884,9248.580000000000,0.020000000000
1594749858,9245.940000000000,0.009800000000
1594749855,9245.940000000000,0.010000000000
1594749855,9245.940000000000,0.000200000000
1594749855,9245.940000000000,0.009800000000
1594749854,9249.980000000000,0.003100000000
1594749840,9243.890000000000,0.006708320000
1594749840,9245.940000000000,0.003611680000
1594749840,9245.940000000000,0.006388320000
1594749819,9248.100000000000,0.258958810000
1594749819,9248.150000000000,0.005336890000
1594749819,9248.150000000000,0.558026600000
1594749819,9248.160000000000,0.392269980000
1594749811,9253.700000000000,0.008952260000
1594749811,9251.860000000000,0.020000000000
1594749803,9248.120000000000,0.005768460000
1594749803,9251.860000000000,0.008072610000
1594749788,9247.830000000000,0.005872180000
1594749785,9251.860000000000,0.069189350000
1594749785,9251.860000000000,0.020000000000
1594749778,9247.600000000000,0.020369750000
1594749778,9247.600000000000,0.569278530000
1594749769,9249.250000000000,0.009800000000
1594749768,9245.430000000000,0.579648280000
1594749768,9248.570000000000,0.010000000000
1594749764,9251.970000000000,0.010216200000
1594749763,9248.570000000000,0.010000000000
1594749761,9248.570000000000,0.010000000000
1594749760,9248.570000000000,0.010000000000
1594749759,9249.240000000000,0.010000000000
1594749758,9249.520000000000,0.010000000000
1594749757,9254.830000000000,0.021556310000
1594749757,9249.430000000000,0.504279210000
1594749757,9249.430000000000,0.034120790000
1594749757,9249.520000000000,0.010000000000
1594749757,9249.590000000000,0.545527490000
1594749751,9252.970000000000,0.001965780000
1594749751,9252.970000000000,0.097200000000
1594749747,9250.740000000000,0.037091500000
1594749747,9250.750000000000,0.390256780000
1594749747,9251.130000000000,0.010000000000
1594749747,9251.140000000000,0.152300000000
1594749737,9255.860000000000,0.009800000000
1594749736,9252.870000000000,0.589648280000
1594749736,9255.140000000000,0.000600000000
1594749736,9255.140000000000,0.019400000000
1594749736,9255.140000000000,0.010000000000
1594749730,9249.520000000000,0.020000000000
1594749726,9249.520000000000,0.009000000000
1594749726,9249.520000000000,0.014000000000
1594749706,9249.520000000000,0.010000000000
1594749705,9249.520000000000,0.010000000000
1594749705,9249.520000000000,0.010000000000
1594749705,9249.520000000000,0.010000000000
1594749703,9249.520000000000,0.010000000000
1594749696,9248.420000000000,0.052685240000
1594749696,9249.520000000000,0.010000000000
1594749687,9250.350000000000,0.000453090000
1594749686,9252.810000000000,0.036495270000
1594749686,9252.810000000000,0.020000000000
1594749686,9250.350000000000,0.003000000000
1594749683,9250.350000000000,0.006546910000
1594749660,9252.810000000000,0.016494000000
1594749653,9252.810000000000,0.208302000000
1594749653,9252.940000000000,0.362081690000
1594749615,9254.820000000000,1.501087790000
1594749615,9254.670000000000,0.374489660000
1594749615,9250.620000000000,0.000400000000
